2208 3408
454 325 512 374 74
795 321 1025 380 QUINTI
1060 320 1285 369 CURTu
1319 321 1472 369 RUFI

517 447 659 499 Lim.
695 447 960 506 Alexander,
994 456 1039 496 ut
1069 463 1198 511 supra
1229 447 1391 497 dictum
1424 457 1503 504 est,
1538 448 1714 497 inhibito
1744 466 1841 498 suo—

455 528 550 563 rum
581 526 728 569 cursu,
758 510 816 558 ad
851 510 1018 572 Lycum
1050 525 1225 559 amnem
1256 519 1544 573 pervenerat3
1576 512 1647 559 ubi
1692 516 1842 576 ingens

453 575 679 625 multitudo
692 575 938 636 fugientium
960 583 1213 623 oneraverat
1227 583 1419 636 pontem,
1433 583 1476 623 et
1490 576 1696 638 plerique,
1712 592 1843 639 quum

456 641 588 687 hostis
621 647 796 701 urgeret,
819 640 864 686 in
894 638 1058 687 flumen
1089 652 1137 687 se
1174 640 1573 702 praecipitaverant,
1614 655 1846 702 gravesque

456 705 600 762 armis,
615 713 661 751 et
679 704 842 766 proelio
857 717 911 750 ac
931 703 1030 766 suga
1038 701 1268 764 defatigati,
1284 703 1511 763 gurgitibus
1527 702 1847 752 hauriebantur.

453 767 642 829 Jamque
655 782 740 814 non
755 781 865 829 pons
880 767 1010 814 modo
1025 766 1250 828 fugientes,
1265 766 1338 812 sed
1357 780 1412 813 ne
1426 769 1568 814 amnis
1584 766 1755 828 quidem
1771 782 1847 814 ca-

455 833 611 893 piebat,
626 830 798 892 agmina
811 845 891 877 sua
910 829 1149 893 improvide
1165 829 1345 878 subinde
1362 830 1652 878 cumulantes:
1674 834 1848 894 quippe,

454 895 707 942 ubiintravit
720 895 887 941 animos
908 909 1058 956 pavor,
1074 894 1118 940 id
1139 894 1278 941 solum
1302 900 1512 952 metuunt,
1531 895 1645 954 quod
1660 897 1847 956 primum

456 958 681 1005 formidare
702 966 947 1019 coeperunt.
981 957 1251 1015 Alexander,
1271 958 1524 1004 instantibus
1543 958 1649 1015 suis,
1672 960 1847 1020 impune

455 1022 685 1068 abeuntem
720 1020 887 1068 hostem
907 1022 1026 1082 sequi
1059 1021 1332 1082 permitteret,
1364 1021 1535 1068 hebetia
1569 1022 1652 1067 tela
1682 1035 1776 1069 esse
1805 1030 1849 1068 et

456 1099 612 1132 manus
647 1084 856 1145 fatigatas,
896 1092 1099 1144 tantoque
1140 1099 1270 1131 cursu
1314 1099 1493 1147 corpora
1533 1083 1761 1143 exhausta,
1805 1094 1849 1132 et

456 1163 663 1211 praeceps
682 1150 726 1195 in
760 1156 929 1195 noctem
953 1149 1036 1195 diei
1068 1156 1254 1208 tempus,
1276 1158 1481 1196 causatus
1512 1158 1591 1196 est.
1660 1147 1725 1195 Re
1744 1163 1846 1195 vera

457 1211 511 1259 de
527 1211 651 1259 laevo
665 1227 810 1269 cornu,
852 1212 933 1258 uod
948 1211 1092 1259 adhuc
1106 1213 1148 1258 in
1168 1213 1264 1258 acie
1279 1219 1389 1258 stare
1407 1212 1624 1268 credebat,
1633 1212 1851 1270 sollicitus,

458 1276 605 1322 reverti
628 1276 684 1323 ad
701 1275 817 1322 seren
850 1291 921 1322 am
937 1291 1067 1337 opem
1089 1278 1179 1322 suis
1198 1276 1353 1324 statuit.
1395 1276 1582 1336 Jamque
1604 1278 1724 1337 signa
1744 1290 1850 1322 con-

459 1346 652 1396 verterat,
675 1354 808 1401 quum
831 1341 1010 1400 equites,
1043 1354 1069 1384 a
1089 1339 1375 1386 Parmenione
1398 1340 1532 1395 missi,
1553 1340 1664 1386 illius
1683 1354 1852 1402 quoque

456 1402 586 1463 partis
607 1403 829 1450 victoriam
846 1404 1069 1451 nunciant.
1135 1401 1219 1448 Sed
1244 1403 1407 1450 nuilum
1429 1419 1484 1450 eo
1504 1403 1573 1450 die
1595 1403 1738 1463 majus
1754 1419 1853 1466 per-

457 1466 620 1513 iculum
642 1465 760 1524 adiit,
781 1481 913 1527 quam
935 1467 1041 1514 dum
1074 1467 1225 1527 copias
1245 1466 1410 1513 reducit
1430 1469 1473 1513 in
1497 1474 1653 1515 castra.
1719 1466 1852 1515 Pauci

456 1545 557 1577 eum
578 1538 622 1577 et
640 1531 913 1592 incompositi
934 1530 1223 1591 sequebantur
1244 1538 1423 1576 ovantes
1455 1530 1629 1578 victoria
1649 1545 1662 1576 t
1695 1533 1853 1594 quippe

458 1608 610 1640 omnes
629 1593 773 1640 hostes
803 1602 877 1641 aut
897 1595 940 1640 in
963 1593 1108 1654 sugam
1129 1592 1305 1651 effusos,
1327 1603 1403 1641 aut
1434 1597 1476 1640 in
1500 1596 1596 1641 acie
1618 1593 1850 1642 credebant

460 1656 704 1717 cecidisse;
745 1672 878 1718 quum
916 1665 1091 1718 repente
1131 1672 1190 1703 ex
1233 1657 1415 1704 adverso
1453 1658 1653 1719 apparuit
1695 1672 1848 1718 agmen

457 1720 667 1781 equitum,
689 1722 759 1782 qui
792 1722 930 1782 primo
960 1720 1182 1767 inhibuere
1215 1736 1408 1779 cursum,
1439 1721 1610 1778 deinde,
1644 1720 1852 1769 Macedo·

460 1799 566 1830 num
587 1785 804 1846 paucitate
825 1792 1076 1846 conspecta,
1096 1792 1259 1830 turmas
1279 1786 1322 1830 in
1345 1785 1495 1831 obvios
1515 1785 1855 1832 concitaverunt.

461 1847 582 1895 Ante
621 1850 742 1909 signa
772 1863 851 1895 rex
892 1849 979 1894 ibat
1010 1847 1275 1895 dissimulato
1310 1849 1446 1908 magis
1487 1848 1693 1909 periculo,
1725 1864 1855 1910 quam

459 1918 633 1972 spret03
667 1926 749 1958 nec
779 1911 913 1957 defuit
942 1913 982 1957 ei
1014 1919 1224 1972 perpetua
1255 1912 1299 1956 in
1332 1912 1471 1958 dubiis
1503 1913 1630 1958 rebus
1661 1911 1856 1959 felicitas,

461 1976 664 2036 Namque
685 1974 949 2036 praesectum
982 1975 1197 2035 equitatus
1227 1975 1403 2021 avidum
1436 1975 1699 2033 certaminis,
1730 1984 1773 2022 et
1802 1976 1857 2022 ob

464 2038 505 2084 id
527 2040 669 2100 ipsum
691 2039 905 2086 incautius
926 2040 969 2084 in
991 2053 1039 2084 se
1061 2047 1271 2097 ruentem,
1289 2037 1412 2085 hasta
1429 2040 1675 2087 transfixit:
1695 2055 1779 2100 quo
1797 2054 1857 2086 ex

462 2118 575 2163 equo
595 2104 730 2164 iaps0,
750 2104 995 2163 proximum
1019 2116 1074 2148 ac
1096 2102 1251 2150 deinde
1283 2103 1428 2162 plures
1458 2102 1614 2150 eodem
1646 2104 1731 2149 telo
1753 2119 1857 2150 con-

463 2164 585 2212 fodit.
648 2165 853 2213 Invasere
874 2166 1065 2212 turbatos
1084 2167 1215 2212 amici
1240 2181 1438 2227 quoque3
1460 2181 1544 2213 nec
1559 2167 1718 2214 Persae
1738 2169 1858 2214 inulti

464 2229 705 2277 cadebant:
740 2232 899 2292 quippe
932 2244 1017 2276 non
1040 2231 1267 2276 universae
1290 2230 1422 2287 acies,
1443 2245 1574 2291 quam
1597 2230 1681 2276 hae
1702 2232 1859 2276 tumul-

465 2294 627 2340 tuariae
658 2308 830 2352 manus,
862 2292 1160 2340 vehementius
1190 2294 1321 2339 iniere
1359 2301 1597 2340 certamen.
1662 2293 1858 2342 Tandem

465 2358 648 2415 barbari,
682 2373 818 2418 quum
858 2359 1044 2404 obscura
1086 2357 1182 2403 luce
1225 2357 1323 2417 suga
1357 2359 1481 2404 tutior
1521 2357 1733 2403 videretur
1765 2374 1860 2405 esse

467 2436 597 2481 quam
632 2436 791 2482 pugna,
821 2421 999 2468 diversis
1031 2421 1271 2480 agminibus
1300 2422 1458 2468 abiere.
1524 2419 1638 2478 Rex,
1670 2429 1863 2468 extraor-

467 2485 631 2531 dinario
669 2486 861 2547 periculo
901 2485 1147 2542 defunctus,
1189 2485 1432 2532 incolumes
1474 2500 1577 2532 suos
1618 2485 1786 2531 reduxit
1816 2488 1859 2531 in

468 2556 621 2596 castra.

531 2612 705 2660 LXIII.
741 2614 948 2661 Cecidere
970 2613 1214 2672 Persarum,
1228 2628 1410 2675 quorum
1429 2627 1659 2659 numerum
1680 2614 1861 2659 victores

469 2677 591 2724 finire
625 2685 869 2739 potuerunt,
909 2678 1043 2723 millia
1073 2692 1166 2724 xz:
1206 2677 1506 2724 Macedonum
1545 2678 1692 2723 minus
1729 2691 1860 2737 quam

473 2754 563 2787 ccc
586 2741 809 2788 desiderati
826 2749 942 2788 sunt.
1008 2741 1215 2788 Ceterum
1230 2740 1347 2788 hanc
1361 2742 1587 2788 victoriam
1603 2755 1681 2787 rex
1698 2740 1861 2800 majore

470 2820 531 2851 ex
563 2813 680 2866 parte
701 2807 842 2853 virtuti
864 2820 995 2867 quam
1018 2805 1210 2852 fortunae
1241 2819 1346 2852 suae
1380 2805 1559 2852 debuit:
1591 2805 1755 2861 animo,
1775 2820 1861 2851 non

476 2878 522 2914 ut
543 2877 669 2916 antea
689 2870 801 2925 loco,
823 2871 938 2917 vicit.
1003 2869 1120 2915 Nam
1141 2877 1185 2916 et
1206 2871 1346 2915 aciem
1363 2870 1616 2931 peritissime
1637 2869 1863 2926 instruxit;

472 2940 516 2978 et
528 2934 840 2994 promptissime
855 2934 946 2994 ipse
963 2934 1168 2995 pugnavit
1183 2949 1197 2992 3
1219 2941 1263 2979 et
1280 2948 1435 2994 magno
1451 2934 1630 2979 consilio
1647 2932 1860 2992 jacturam

474 2997 733 3044 sarcinarum
777 2997 1265 3060 impedimentorumque
1320 2998 1589 3059 contempsit,
1632 3011 1765 3057 quum
1818 2999 1861 3043 in

476 3061 566 3121 ipsa
588 3064 680 3107 acie
704 3077 923 3111 summum
954 3065 1010 3108 rei
1037 3062 1198 3109 videret
1229 3076 1322 3107 esse
1355 3061 1579 3109 discrimen
1606 3079 1616 3115 3
1652 3059 1862 3121 dubioque
