2208 3424
893 322 1119 380 QUINTI
1151 321 1377 370 CURTII
1409 322 1580 372 RUFI.
1859 324 1917 371 45
2168 363 2182 382 ,

545 450 674 499 triani
695 448 813 497 inter
834 449 930 496 illas
960 454 1114 511 gentes
1146 449 1470 512 promptissimi,
1504 449 1694 497 horridis
1714 450 1916 512 ingeniis,

552 515 821 572 multumque
852 530 878 559 a
909 513 1135 560 Persarum
1167 514 1273 560 luxu
1307 514 1660 571 abhorrentibus,
1695 515 1766 563 siti
1797 513 1918 561 haud

549 577 697 637 procul
721 576 982 638 Scytharum
1013 577 1336 623 bellicosissima
1365 582 1512 636 gente,
1547 586 1593 623 et
1624 584 1751 638 rapto
1772 577 1919 625 vivere

553 640 740 693 assueti;
776 655 1030 701 semperque
1052 640 1097 686 in
1120 641 1249 686 armis
1272 645 1435 686 errant.
1503 639 1591 685 Sed
1616 641 1788 697 Bessus,
1824 656 1916 687 sus-

549 710 676 763 pecta
715 704 909 764 perfidia,
943 704 1057 750 haud
1092 719 1195 749 sanc
1227 719 1363 762 aequo
1395 703 1541 749 animo
1572 703 1616 748 in
1649 705 1842 752 secundo
1873 720 1919 750 se

550 766 780 813 continens
810 767 967 826 gradu,
1000 782 1140 825 regem
1171 769 1392 812 torrebat:
1428 780 1529 811 nam
1566 781 1699 825 quum
1731 781 1916 827 regnum

551 830 786 882 affectaret,
810 831 1012 890 proditio,
1036 846 1122 890 qua
1144 830 1233 875 sola
1254 830 1301 875 id
1324 830 1493 888 assequi
1517 836 1705 888 poterat,
1740 831 1919 876 timeba-

551 901 636 939 tur.
703 894 908 940 Ceterum
927 892 1193 948 Alexander,
1210 907 1338 951 quam
1357 894 1577 951 regionem
1601 893 1766 940 Darius
1786 893 1920 954 petis-

549 963 616 1001 set
636 957 753 1002 omni
776 972 881 1003 cura
912 958 1145 1015 vestigans,
1170 962 1314 1001 tamen
1339 956 1565 1016 explorare
1596 971 1685 1002 non
1709 963 1882 1017 poterat
1905 972 1917 1012 ;

552 1034 668 1065 more
688 1021 875 1080 quodam
912 1020 1155 1073 Persarum,
1189 1034 1348 1065 arcana
1377 1034 1531 1078 regum
1551 1019 1663 1065 mira
1684 1020 1918 1067 celantium

546 1083 652 1129 fide:
684 1099 775 1129 non
806 1089 960 1138 metus,
983 1098 1072 1128 non
1105 1098 1201 1142 spes
1232 1082 1352 1128 elicit
1380 1096 1529 1128 vocem
1562 1096 1648 1139 qua
1677 1084 1921 1141 prodantur

545 1146 715 1193 occulta
736 1161 748 1197 ς
782 1154 908 1193 vetus
929 1146 1159 1205 disciplina
1180 1161 1332 1204 regum
1353 1145 1573 1192 silentium
1592 1146 1707 1192 vitae
1728 1147 1922 1207 periculo

547 1224 766 1257 sanxerat.
830 1209 1006 1268 Lingua
1037 1210 1213 1268 gravius
1235 1208 1476 1267 castigatur
1507 1223 1636 1267 quam
1660 1209 1794 1255 ullum
1819 1225 1919 1270 pro-

546 1272 697 1317 brum:
731 1288 813 1318 nec
835 1288 1035 1331 magnam
1071 1288 1162 1318 rem
1184 1272 1388 1318 sustineri
1418 1287 1545 1332 posse
1567 1273 1755 1319 credunt
1777 1273 1834 1318 ab
1867 1287 1920 1318 eo

545 1335 616 1381 cui
646 1342 792 1381 tacere
811 1350 946 1394 grave
976 1336 1065 1390 sit;
1100 1336 1218 1396 quod
1250 1335 1416 1381 homini
1447 1336 1700 1381 facillimum
1734 1336 1922 1381 voluerit

544 1413 637 1445 esse
657 1406 830 1445 natura.
877 1399 950 1445 Ob
971 1399 1083 1445 hanc
1104 1414 1276 1444 causam
1303 1399 1568 1452 Alexander,
1593 1399 1786 1444 omnium
1808 1414 1922 1462 quae

545 1462 659 1522 apud
682 1463 850 1509 hostem
884 1469 1144 1522 gererentur
1172 1464 1365 1521 ignaruS,
1388 1463 1541 1508 urbem
1576 1463 1727 1507 Gazan
1749 1461 1920 1508 obside·

544 1526 637 1572 bat.
703 1526 909 1572 Praeerat
950 1526 990 1571 ei
1026 1526 1159 1582 Betis,
1188 1525 1371 1571 eximiae
1400 1526 1445 1570 in
1479 1540 1626 1584 regem
1660 1540 1785 1571 suum
1816 1525 1920 1571 fidei

544 1589 802 1647 modicoque
822 1589 1039 1649 praesidio
1062 1595 1209 1634 mur'os
1231 1588 1423 1648 ingentis
1445 1589 1587 1648 operis
1604 1589 1827 1637 tuebatur.

607 1651 777 1697 XXIV.
808 1651 1063 1697 Alexander
1094 1653 1322 1699 aestimato
1354 1652 1545 1697 locorum
1568 1653 1670 1708 situ,
1695 1652 1766 1712 agi
1796 1652 1921 1698 euni-

544 1715 663 1760 culos
695 1714 845 1775 jussit,
890 1715 1006 1760 facili
1037 1730 1088 1760 ac
1129 1715 1213 1760 levi
1243 1715 1380 1760 humo
1411 1723 1670 1775 acceptante
1701 1716 1918 1763 occultum

540 1793 678 1837 opus:
714 1780 877 1839 quippe
918 1779 1103 1824 multam
1134 1793 1308 1824 arenam
1339 1779 1533 1824 vicinum
1563 1793 1686 1825 mare
1716 1779 1913 1832 evomit;

543 1855 624 1887 nec
646 1857 749 1888 saxa
771 1848 991 1900 cotesque,
1023 1855 1135 1901 quae
1157 1842 1438 1901 interpellent
1472 1857 1638 1902 specus,
1663 1842 1913 1889 obstabant.

541 1903 684 1963 Igitur
704 1906 761 1952 ab
793 1921 843 1950 ea
864 1913 1002 1964 parte,
1026 1920 1158 1964 quam
1180 1905 1388 1964 oppidani
1413 1906 1664 1965 conspicere
1695 1920 1784 1951 non
1814 1921 1914 1966 pos-

540 1975 651 2022 sent,
675 1984 785 2029 opus
807 1983 944 2022 orsus,
969 1975 1019 2014 ut
1039 1984 1066 2013 a
1086 1983 1215 2014 sensu
1237 1968 1332 2027 ejus
1353 1976 1585 2024 averteret,
1607 1975 1750 2015 turres
1772 1970 1909 2014 muris

540 2031 763 2077 admoveri
777 2032 922 2091 jubet.
990 2031 1077 2077 Sed
1109 2032 1257 2076 eadem
1282 2032 1441 2076 humus
1463 2031 1748 2078 admovendis
1776 2032 1912 2078 inuti-

538 2094 591 2140 lis
614 2096 821 2150 turribus,
846 2094 1074 2141 desidente
1096 2095 1263 2149 sabulo,
1286 2095 1529 2154 agilitatem
1552 2102 1747 2141 rotarum
1768 2110 1911 2141 mora-

541 2159 682 2213 batur,
706 2164 752 2205 et
774 2158 972 2205 tabulata
993 2158 1180 2204 turrium
1212 2159 1512 2217 perfringebat
1535 2175 1545 2204 :
1580 2158 1795 2218 multique
1816 2159 1912 2205 vul-

536 2222 805 2268 nerabantur
834 2221 1024 2282 impune,
1058 2236 1193 2281 quum
1224 2221 1343 2267 idem
1373 2222 1634 2281 recipiendis
1656 2222 1732 2281 qui
1761 2222 1910 2267 admo-

533 2284 685 2330 vendis
706 2285 902 2331 turribus
923 2285 1046 2330 labor
1066 2300 1142 2330 eos
1161 2284 1380 2343 fatigaret.
1425 2285 1547 2344 Ergo
1568 2285 1763 2345 receptui
1784 2286 1912 2346 signo

536 2348 655 2404 dato,
678 2354 854 2408 postero
876 2349 949 2393 die
966 2363 1112 2393 muros
1129 2363 1290 2393 corona
1305 2348 1566 2394 circumdari
1579 2348 1731 2408 jussit.
1777 2348 1910 2395 Orto-

538 2426 625 2471 que
649 2412 751 2467 sole,
786 2412 1040 2472 priusquam
1070 2412 1324 2458 admoveret
1345 2413 1597 2468 exercitum,
1631 2427 1758 2471 opem
1779 2412 1912 2458 deum

536 2490 789 2535 exposcens,
824 2490 995 2521 sacrum
1025 2475 1170 2534 patrio
1204 2491 1323 2520 more
1352 2475 1552 2522 faciebat.
1619 2476 1753 2521 'li-‘orte
1784 2490 1911 2535 prae-

534 2538 754 2585 tervolans
775 2553 947 2593 corvus,
980 2538 1154 2597 glebam
1179 2553 1308 2597 quam
1330 2540 1553 2597 unguibus
1573 2537 1744 2584 ferebat
1764 2539 1912 2584 subito

533 2602 693 2656 omisit,
724 2617 838 2663 quae
869 2617 1005 2662 quum
1036 2601 1155 2660 regis
1185 2602 1316 2661 capiti
1349 2602 1586 2658 incidisset,
1619 2602 1814 2649 resoluta
1835 2603 1911 2647 de-

532 2665 686 2719 fluxit3
741 2667 836 2726 ipsa
887 2672 1034 2712 autem
1066 2665 1158 2710 avis
1209 2666 1256 2710 in
1296 2666 1491 2725 proxima
1537 2672 1657 2712 turre
1699 2666 1911 2712 consedit.

535 2727 655 2775 Illita
669 2737 765 2776 erat
786 2729 919 2776 turris
942 2729 1157 2774 bitumine
1177 2744 1227 2774 ac
1259 2729 1486 2789 sulphure,
1518 2729 1565 2774 in
1586 2745 1676 2788 qua
1708 2729 1785 2774 alis
1807 2729 1912 2774 hae-

532 2793 743 2850 rentibus,
769 2793 932 2839 frustra
968 2807 1013 2838 se
1048 2792 1235 2838 allevare
1256 2801 1455 2848 conatus,
1480 2808 1508 2838 a
1528 2792 1915 2839 circumstantibus

532 2855 716 2915 capitur.
785 2856 936 2916 Digna
955 2871 1023 2902 res
1055 2856 1161 2911 visa,
1185 2857 1241 2901 de
1270 2872 1359 2916 qua
1389 2863 1513 2903 vates
1533 2856 1901 2907 consulerentur:

529 2925 575 2963 et
613 2925 706 2981 erat
737 2934 829 2965 non
861 2920 1055 2967 intactus
1086 2934 1139 2965 ea
1181 2920 1494 2980 superstitione
1527 2920 1701 2966 mentis.
1788 2919 1911 2977 Ergo

524 2981 809 3041 Aristander,
842 2984 915 3030 cui
958 2982 1152 3029 maxima
1192 2983 1301 3030 fides
1345 2983 1604 3039 habebatur,
1650 2983 1771 3029 urbis
1813 2982 1910 3040 qui-
