2192 3424
0 444 40 932 &Eftsssaa

0 1141 46 1186 ›b

0 1284 49 1329 pe

0 1347 52 1377 ιο-

0 1396 55 1440 1i-

0 1473 54 1505 uo

0 1601 53 1631 lm

0 1664 55 1695 im

11 1738 62 1950 Sss-·

9 2683 74 2776 {a
6 2619 74 2648 ἐ·
17 2554 70 2585 Ξ
43 2492 70 2521 ε.
3 2237 69 2457 &ffss-if}
3 2045 65 2202 ἓξὲξ
8 1983 58 2011 ξ’,

938 313 1131 361 LIBER.
1166 311 1448 361 TERTIUS.
1822 316 1879 362 13

520 456 668 504 regem
709 440 853 497 modo,
897 434 979 488 sed
1006 441 1137 488 etiam
1168 447 1220 489 ut
1249 441 1486 503 alumnum,
1517 441 1675 488 eximia
1704 441 1888 488 caritate

521 504 750 566 diligebat.
814 504 859 552 Is
877 519 969 551 non
990 519 1194 567 praeceps
1214 519 1273 562 se,
1295 505 1377 552 sed·
1404 511 1629 552 strenuum
1646 504 1886 552 remedium

520 569 691 624 afferre,
710 574 971 629 tantamque
999 568 1247 616 vim-morbi
1280 568 1458 630 potIone
1476 569 1692 616 medioata
1720 568 1889 615 levatu-

519 647 617 679 rum
638 645 733 678 eme
752 632 967 693 promisit.
1009 630 1133 678 Nulli
1148 632 1406 694 promissum
1420 631 1515 692 ejus
1524 632 1741 692 placebat,
1754 646 1887 693 ,prae-

519 702 586 742 ter
628 695 771 757 ipsum
803 694 927 756 eujus
955 695 1149 756 periculo
1178 695 1479 757 pollicebatur.
1541 695 1701 742 Omnia
1728 696 1890 756 quippe

517 758 686 806 facilius
701 773 832 819 quam
852 773 1018 805 moram
1047 758 1217 821 perpeti
1244 765 1418 820 poterat
1440 774 1451 805 ε
1484 772 1605 805 arma
1625 765 1670 805 et
1699 760 1815 805 acies
1842 760 1889 805 in

521 823 658 869 oculis
681 829 808 870 erant
829 838 841 877 ;
874 828 920 870 et
935 823 1162 870 victoriam
1182 823 1231 868 in
1246 837 1298 868 eo
1318 822 1505 883 positam
1525 835 1619 868 esse
1649 822 1888 869 arbitraba·

518 892 605 942 tur,
660 885 697 931 si
727 891 901 933 tantum
932 893 1040 934 ante*
1066 886 1200 946 *signa
1229 890 1344 932 stare
1373 886 1621 947 potuisset:
1653 885 1701 931 id
1732 885 1888 946 ipsum,

519 949 638 1010 quod
658 955 760 1010 post
779 949 896 996 diem
916 950 1096 997 tertium
1115 948 1479 996 medicamentum
1492 959 1747 1010 sumpturus
1762 956 1889 1001 esset,

520 1014 602 1073 (ita
632 1013 750 1059 enim
785 1014 980 1060 medicus
1020 1012 1315 1075 praedixerat)
1361 1027 1491 1073 aegre
1530 1013 1686 1059 ferens.
1767 1012 1888 1059 Inter

518 1076 624 1123 haec
646 1092 673 1122 a
704 1076 1010 1132 Parmenione,
1038 1077 1248 1123 fidissimo
1268 1083 1620 1137 purpuratorum,
1652 1077 1802 1123 literas
1821 1090 1891 1122 ac-

517 1140 637 1201 cipit,
671 1141 830 1200 quibus
860 1142 901 1186 ei
921 1140 1218 1186 denunciabat
1247 1155 1304 1186 ne
1325 1140 1510 1186 salutem
1533 1155 1656 1186 suam
1688 1139 1893 1200 Philippo

517 1203 841 1250 committeret:
875 1203 995 1250 mille
1023 1204 1201 1251 talentis
1231 1218 1258 1249 a
1288 1203 1427 1250 Dario
1457 1209 1504 1251 et
1535 1217 1611 1264 spe
1640 1203 1893 1264 nuptiarum

518 1266 677 1313 sororis
698 1267 792 1327 ejus
812 1282 906 1314 esse
925 1274 1198 1328 corruptum.
1263 1267 1494 1327 Ingentem
1524 1267 1670 1313 animo
1701 1266 1893 1312 solicitu-

517 1330 665 1376 dinem
685 1330 838 1378 literae
858 1331 1144 1387 incusserant,
1167 1336 1218 1377 et
1239 1331 1446 1392 quicquid
1466 1331 1512 1376 in
1529 1337 1762 1391 utramque
1793 1344 1891 1391 par-

516 1399 604 1440 tem
636 1400 716 1441 aut
735 1399 878 1442 metus
899 1400 978 1441 aut
999 1409 1096 1456 spes
1116 1394 1375 1455 subjecerat,
1398 1395 1568 1441 secreta
1588 1394 1889 1440 aestimatione

515 1458 740 1517 pensabat.
809 1462 821 1486 ‘
840 1458 1001 1504 Bibere
1020 1473 1290 1519 perseverem
1307 1458 1331 1504 ἱ)
1363 1464 1427 1513 ut,
1446 1459 1483 1504 si
1499 1472 1713 1504 venenum
1737 1457 1890 1503 datum

515 1522 662 1577 fuerit,
684 1536 742 1568 ne
771 1521 990 1568 immerito
1021 1522 1200 1582 quidem
1231 1521 1446 1581 quidquid
1467 1521 1674 1568 acciderit
1695 1521 1890 1567 evenisse

515 1585 733 1631 videatur.
776 1584 996 1631 Damnem
1016 1585 1176 1632 medici
1195 1585 1324 1630 fidem
1341 1585 1366 1631 Ρ
1409 1584 1462 1630 In
1481 1584 1767 1632 tabernaculo
1788 1597 1894 1644 ergo

515 1663 585 1695 me
605 1648 794 1709 opprimi
812 1649 956 1709 patiar
975 1649 1001 1695 Ρ
1062 1649 1126 1696 At
1156 1649 1291 1696 satius
1307 1654 1375 1695 est
1395 1649 1537 1694 alieno
1558 1663 1630 1693 me
1658 1648 1772 1694 mori
1801 1662 1891 1693 sce·

514 1711 615 1767 lere,
640 1726 773 1772 quam
787 1717 910 1759 metu
929 1710 1057 1758 meo.'
1118 1712 1214 1758 Diu
1245 1712 1390 1758 animo
1426 1712 1473 1757 in
1504 1712 1675 1758 diversa
1704 1716 1890 1767 versato,

514 1776 624 1821 nulli
645 1775 754 1835 quid
774 1776 985 1837 seriptum
1006 1781 1120 1823 esset
1141 1776 1347 1822 enunciat
1369 1792 1381 1830 ;
1400 1776 1725 1837 epistolamque,
1748 1774 1892 1835 sigillo

514 1839 667 1885 annuli
687 1839 755 1884 sui
773 1840 1041 1900 impressam,
1062 1840 1246 1900 pulvino
1265 1840 1335 1885 cui
1352 1840 1633 1886 incumbebat
1660 1838 1859 1899 subjeci-t.

574 1902 705 1949 xlv.
737 1902 859 1949 Inter
887 1903 967 1949 has
996 1904 1286 1963 cogitationes
1316 1903 1452 1948 biduo
1477 1904 1721 1963 absumpto,
1744 1902 1898 1947 illuxitv

515 1980 542 2010 a
560 1965 733 2012 medico
753 1966 999 2013 destinatus
1020 1967 1126 2023 dies,
1149 1972 1196 2013 et
1215 1966 1290 2011 ille
1310 1981 1411 2012 cum
1431 1966 1591 2027 poculo
1610 1966 1657 2012 in
1688 1980 1778 2026 quo
1797 1979 1888 2010 me-

515 2029 809 2076 dicamentum
850 2030 1054 2085 diluerat,
1076 2029 1273 2076 intravit.
1359 2030 1461 2085 Quo
1494 2030 1588 2076 viso
1617 2028 1886 2082 Alexander,

511 2092 656 2139 levato
676 2107 858 2153 corpore
876 2093 925 2139 in
945 2093 1158 2150 cubitum,
1182 2093 1409 2153 epistolam
1430 2108 1456 2139 a
1478 2093 1769 2139 Parmenione
1789 2092 1890 2137 mis-

512 2170 601 2201 sam
622 2155 799 2204 sinistra
827 2170 961 2203 manu
981 2161 1150 2213 tenens,
1173 2156 1331 2217 accipit
1360 2157 1567 2218 poculum
1589 2163 1634 2203 et
1654 2156 1803 2203 haurit
1822 2155 1890 2200 in-

511 2219 691 2267 territus
714 2235 725 2265 :
758 2227 854 2266 tum
868 2220 1102 2281 vepistolam
1123 2219 1371 2280 Philippum
1391 2221 1540 2280 legere
1552 2220 1682 2280 jubet
1704 2236 1715 2274 ;
1750 2234 1833 2265 nec
1864 2233 1890 2265 a

512 2283 636 2330 vultu
668 2283 856 2343 legentis
885 2284 1024 2331 movit
1054 2284 1217 2340 oculos,
1249 2290 1370 2331 ratus
1401 2284 1569 2345 aliquas
1600 2283 1892 2330 conscientiae

512 2353 638 2393 notas
669 2346 717 2392 in
757 2347 853 2408 ipso
882 2362 959 2394 ore
988 2362 1115 2408 posse
1146 2348 1486 2407 deprehendere.
1573 2348 1666 2403 Ille,
1699 2346 1885 2407 epistola

510 2412 714 2469 perlecta,
736 2411 836 2471 plus
855 2411 1173 2471 indignationis
1188 2426 1319 2471 quam
1338 2412 1511 2472 pavoris
1524 2411 1718 2458 ostendit
1741 2426 1752 2456 ε
1785 2423 1887 2470 pro-

504 2475 720 2535 jectisque
741 2475 929 2522 amiculo
959 2480 1006 2522 et
1035 2475 1174 2521 literis
1204 2482 1309 2521 ante
1337 2476 1516 2531 lectum,
1540 2479 1552 2501 ⁶
1576 2473 1704 2531 Rex‚’
1724 2473 1884 2533 inquit,

512 2543 524 2563 ‘
538 2553 707 2599 semper
727 2538 905 2599 quidem
926 2538 1104 2599 spiritus
1123 2553 1247 2585 meus
1268 2554 1323 2584 ex
1343 2545 1390 2585 te
1410 2539 1634 2600 pependit,
1657 2537 1736 2584 sed
1766 2551 1897 2582 nune·

509 2617 622 2655 vere,
646 2602 849 2658 arbitror,
873 2616 997 2649 sacro
1017 2607 1062 2649 et
1082 2602 1319 2648 venerabili
1340 2617 1416 2648 ore
1435 2602 1639 2649 trahitur.
1704 2601 1883 2647 Crimen

508 2665 727 2724 parricidii
741 2666 861 2726 quod
881 2666 988 2712 mihi
1019 2666 1240 2726 objectum
1261 2672 1328 2712 est
1348 2673 1428 2713 tua
1448 2667 1565 2712 salus
1585 2666 1726 2712 diluet
1749 2681 1760 2711 ε
1795 2678 1887 2710 ser-

512 2735 635 2777 vatus
649 2744 678 2775 a
698 2744 769 2775 me
787 2730 925 2777 vitam
945 2730 1053 2775 mihi
1073 2729 1262 2776 dederis.
1323 2729 1418 2776 Oro
1439 2743 1699 2791 quaesoque,
1724 2728 1883 2774 omisso

509 2800 642 2850 metu,
665 2799 817 2854 patere
834 2794 1201 2841 medicamentum
1222 2794 1393 2854 concipi
1410 2795 1533 2840 venis
1557 2810 1568 2840 ε
1600 2794 1699 2840 laxa
1718 2790 1882 2853 paulis-

508 2870 584 2915 per
602 2858 811 2915 animum,
832 2873 960 2918 quem
981 2856 1289 2919 intempestiva
1318 2858 1598 2904 solicitudine
1615 2857 1758 2912 amici,
1779 2870 1884 2902 sane

508 2920 675 2977 fideles,
687 2921 766 2967 sed
777 2922 961 2969 moleste
982 2921 1134 2978 seduli,
1156 2921 1353 2969 turbant.
1417 2922 1522 2968 Non
1535 2919 1881 2968 securum-modo

507 2983 611 3031 haec
632 2999 718 3030 vox
740 2985 817 3032 sed
836 2986 969 3033 etiam
989 2986 1153 3034 laetum
1185 2998 1333 3044 regem
1355 3000 1406 3032 ac
1427 2986 1608 3046 plenum
1627 2986 1771 3032 bonae
1790 2984 1880 3043 spei

1173 3063 1211 3108 B
