2208 3424
847 309 1069 366 QUINTI
1108 308 1331 356 CUltTll
1369 307 1536 357 RUFI.
1816 312 1872 359 47

503 452 690 500 aequare
710 442 916 498 poterat;
950 438 1097 497 itaque
1130 437 1339 484 interiora
1370 451 1544 496 quoquc
1576 436 1692 481 urbis
1722 435 1878 483 infesta

503 503 600 548 telis
622 504 760 547 erant.
829 501 994 547 Ultima
1016 502 1147 560 pestis
1170 501 1288 545 urbis
1321 500 1405 545 fuit
1434 499 1635 545 cuniculo
1668 500 1876 547 subrutus

505 579 666 618 murus,
690 578 766 624 por
787 563 910 623 cujus
941 563 1087 609 ruinas
1120 565 1255 609 hostis
1287 564 1486 609 intravit.
1552 561 1755 608 Ducebat
1787 563 1879 623 ipse

503 643 579 673 rex
602 626 923 689 antesignanos,
939 633 996 680 et,
1021 627 1125 672 dum
1146 626 1366 673 incautius
1389 626 1519 679 subit,
1539 639 1640 670 saxo
1662 641 1762 672 crus
1784 627 1877 685 ejus

504 690 711 748 affligitur
734 706 743 735 ε
779 688 954 735 innixus
976 698 1121 736 tumen
1145 691 1244 743 telo,
1270 689 1466 735 nondum
1499 688 1653 748 prioris
1685 690 1877 735 vulneris

505 754 697 799 obducta
732 753 944 806 cicatrice,
978 754 1093 799 inter
1127 750 1334 813 primores
1367 751 1578 798 dimicat:
1613 753 1677 797 ira
1708 767 1881 812 quoquc

507 831 725 869 accensus,
760 816 876 875 quod
908 817 997 861 duo
1029 817 1073 861 iu
1107 815 1335 861 obsidione
1369 815 1487 860 urbis
1520 815 1612 873 ejus
1653 824 1879 875 acceperat

507 880 705 925 vulnera.
772 878 928 932 Betim,
953 881 1131 936 egregia
1151 879 1270 924 edita
1291 892 1447 938 pugna,
1472 878 1705 936 multisque
1729 879 1879 925 vulne-

509 942 628 987 ribus
672 942 917 988 consectum
961 944 1243 987 deseruerant
1276 941 1378 987 sui:
1415 957 1493 985 uec
1529 950 1671 987 tamen
1707 944 1884 1001 segnius

509 1005 721 1065 praelium
753 1006 1017 1065 capessebat,
1052 1005 1230 1050 lubricis
1272 1004 1405 1051 armis
1446 1019 1526 1049 suo
1558 1006 1720 1063 pariter
1752 1014 1884 1064 atque

508 1069 698 1114 hostium
722 1069 946 1128 sanguiue,
1014 1068 1100 1113 Sed
1123 1083 1255 1127 quum
1280 1067 1475 1126 undique
1507 1067 1668 1128 (*uuus
1691 1069 1882 1114 omnium

509 1132 609 1178 telis
631 1138 867 1191 peteretur,
892 1131 947 1176 ad
967 1138 1233 1192 postremum
1257 1131 1382 1175 vivus
1404 1131 1448 1175 in
1470 1136 1730 1189 potestatem
1751 1133 1885 1179 hosti-

513 1210 585 1241 um
607 1194 807 1255 pervenit
825 1211 834 1240 ε
871 1209 957 1253 quo
978 1194 1035 1240 ad
1058 1192 1253 1254 regenst)
1274 1193 1480 1247 adducto,
1500 1193 1704 1240 insolenti
1726 1196 1889 1252 gaudio

504 1257 680 1317 juvenis
696 1259 849 1307 clatus,
868 1257 972 1302 alius
990 1257 1165 1303 virtutis
1182 1257 1311 1303 ctiam
1334 1257 1380 1300 in
1401 1255 1526 1302 hoste
1544 1256 1733 1311 mirator,
1759 1264 1769 1282 ⁴
1785 1258 1888 1303 Non

511 1328 562 1367 ut
598 1319 800 1375 voluisti,’
833 1320 986 1378 inquit,
1024 1320 1260 1373 ‘morieris,
1287 1320 1413 1365 Betit
1448 1320 1525 1365 sed
1556 1321 1765 1380 quidquid
1800 1326 1888 1366 tor-

512 1391 756 1430 mentorum
779 1382 826 1428 in
848 1384 1069 1443 captivum
1099 1383 1285 1428 inveniri
1307 1390 1466 1443 potest,
1483 1398 1707 1442 passurum
1731 1399 1822 1429 esse
1845 1395 1889 1431 te

509 1445 685 1506 cogita-³
747 1446 842 1504 Ille,
858 1462 948 1492 non
964 1447 1170 1493 interrito
1190 1446 1334 1500 mod0‚
1355 1447 1431 1491 sed
1448 1448 1694 1493 contumaci
1717 1462 1893 1505 quoque·

513 1511 652 1566 vultu,
668 1511 844 1557 intuens
861 1525 1021 1569 regem,
1038 1510 1202 1555 nullam
1219 1510 1276 1555 ad
1293 1509 1433 1554 minas
1453 1509 1547 1569 ejus
1565 1510 1709 1556 reddit
1722 1526 1886 1559 vocem.

514 1573 628 1619 Tum
651 1574 916 1628 Alexander,
951 1578 962 1599 ⁴
982 1574 1212 1620 Videtisne
1233 1572 1503 1620 obstinatum
1526 1573 1582 1619 ad
1605 1574 1838 1619 tacendum
1854 1574 1894 1619 ’θ’

512 1635 685 1696 inquit:
713 1642 723 1662 ‘
738 1650 844 1681 num
859 1651 977 1696 genu
993 1637 1170 1697 posuit?
1194 1653 1297 1682 num
1316 1637 1557 1695 supplicem
1577 1652 1723 1683 vocem
1741 1638 1858 1683 misit
1878 1655 1890 1691 ;

514 1700 701 1745 Vincam
722 1706 871 1746 tamen
892 1699 1124 1756 silentium,
1150 1706 1207 1755 ct,
1232 1701 1267 1745 si
1289 1699 1398 1745 nihil
1421 1700 1553 1755 aliud,
1578 1707 1693 1747 certe
1721 1702 1889 1758 gemitu

513 1762 828 1823 interpellab0.'
893 1762 1007 1808 Iram
1029 1762 1189 1808 deinde
1220 1762 1354 1810 vertit
1388 1764 1435 1808 in
1465 1765 1643 1818 rabiem,
1668 1763 1761 1822 jam
1796 1772 1888 1811 tum

514 1827 768 1885 peregrinos
789 1826 901 1872 ritus
924 1841 1036 1872 nova
1057 1827 1272 1872 subeunte
1285 1827 1474 1873 fortuna.
1543 1827 1627 1872 Per
1641 1828 1751 1873 talos
1774 1828 1890 1874 enim

514 1890 718 1950 spirantis
758 1888 852 1935 lora
882 1890 1062 1949 trajecta
1103 1896 1220 1945 sunt,
1255 1891 1575 1949 religatumque
1617 1891 1672 1936 ad
1713 1906 1889 1936 currum

510 1961 682 1998 traxere
713 1953 826 1999 circa
859 1953 1009 1998 urbem
1042 1954 1175 2012 equi;
1208 1953 1427 2011 gloriante
1458 1969 1578 2012 rege,
1602 1952 1833 2008 Achillem,
1860 1972 1884 1999 a

516 2030 601 2074 quo
633 2031 772 2075 genus
803 2015 896 2076 ipse
927 2016 1175 2070 deduceret,
1210 2016 1427 2062 imitatum
1471 2034 1517 2061 se
1549 2032 1640 2062 esse
1672 2032 1813 2077 poena
1845 2019 1890 2062 in

513 2080 681 2125 hostem
705 2079 931 2139 capienda.
995 2080 1203 2125 Cecidere
1225 2078 1452 2124 Persarum
1476 2079 1762 2139 Arabumque
1777 2082 1892 2126 circa

515 2143 665 2188 decem
688 2142 849 2188 millia:
885 2158 964 2188 nec
987 2141 1304 2188 Macedonibus
1326 2143 1559 2188 incruenta
1591 2143 1770 2188 victoria
1792 2144 1887 2190 fuit.

517 2205 702 2252 Obsidio
724 2212 840 2251 certe
862 2216 1054 2252 nontam
1073 2206 1270 2251 claritate
1285 2206 1406 2251 urbis
1421 2207 1650 2252 nobilitata
1663 2213 1743 2260 est,
1761 2222 1888 2266 quam

515 2269 739 2328 geminato
759 2268 953 2329 periculo
974 2269 1114 2328 regis;
1149 2269 1223 2327 qui
1246 2268 1501 2328 Aegyptum
1520 2270 1641 2314 adire
1662 2270 1884 2324 festinans,

517 2332 758 2392 Amyntam
780 2347 879 2377 cum
901 2332 1050 2378 decem
1071 2333 1320 2378 triremibus
1343 2334 1391 2376 in
1416 2333 1715 2378 Macedoniam
1741 2334 1798 2377 ad
1820 2335 1886 2378 in-

515 2396 790 2454 quisitionem
821 2410 1032 2441 novorum
1065 2396 1251 2441 militum
1283 2396 1417 2441 misit.
1482 2397 1683 2455 Namque
1713 2398 1888 2456 praeliis

515 2459 646 2505 etiam
679 2459 880 2505 secundis
901 2461 1200 2505 atterebantur
1221 2459 1382 2518 copiae,
1408 2459 1763 2518 devictarumque
1784 2475 1891 2518 gen-

517 2524 627 2569 tium
649 2523 775 2570 militi
796 2523 939 2568 minor
960 2537 1087 2580 quam
1111 2523 1350 2568 domestico
1376 2522 1482 2567 fides
1503 2523 1762 2569 habebatur.

580 2585 775 2631 XXVII.
809 2585 853 2632 7.
889 2586 1094 2646 Aegyptii
1125 2586 1230 2630 olim
1266 2585 1496 2630 Persarum
1530 2586 1686 2644 opibus
1716 2586 1888 2643 infensi,

518 2651 678 2710 quippe
699 2664 826 2695 avare
842 2655 887 2695 et
904 2651 1087 2708 superbe
1109 2649 1406 2708 imperitatum
1424 2649 1505 2693 sibi
1524 2664 1618 2694 esse
1639 2650 1889 2705 credebant,

454 2770 456 2773 Ι
518 2713 576 2758 ad
606 2728 726 2773 spem
768 2712 982 2758 adventus
1014 2713 1106 2772 ejus
1138 2719 1369 2758 erexerant
1400 2713 1601 2758 animos:
1634 2719 1789 2773 utpote
1820 2716 1890 2771 qui

518 2775 761 2836 Amyntam
783 2790 955 2835 quoque
976 2776 1260 2834 transfugam,
1284 2783 1328 2821 et
1351 2790 1452 2821 cum
1484 2777 1678 2835 precario
1709 2777 1893 2836 imperio

519 2839 777 2897 venientem,
802 2840 907 2885 laeti
945 2840 1221 2900 recepissent.
1289 2840 1435 2899 Igitur
1466 2840 1623 2899 ingens
1658 2840 1898 2887 multitudo

810 2947 827 2968 ”
847 2946 995 2984 Lacuna
1023 2946 1072 2985 sic
1097 2958 1119 2984 a
1140 2946 1386 2984 Freinshemio
1412 2931 1586 2995 suppleta.
