2208 3392
940 299 1135 350 LIBER
1167 301 1455 351 TERITUS.
1822 301 1883 351 23

513 428 767 491 argentique
796 430 982 490 pondus,
1015 446 1104 477 non
1135 432 1239 478 belli
1271 432 1349 477 sed
1377 430 1579 477 luxuriae
1609 434 1883 505 apparatum,

515 494 783 554 diripuerant
798 494 985 548 milites;
1020 509 1201 555 cumque
1222 495 1319 559 plus
1337 500 1555 556 raperent,
1570 494 1727 555 passim
1747 499 1885 541 strata

515 562 639 602 erant
675 557 835 604 itinera
862 558 1087 604 vilioribus
1119 559 1310 614 sarcinis,
1344 573 1449 617 quas
1480 558 1527 602 in
1560 557 1888 619 comparatione

516 619 739 666 meliorum
762 621 944 667 avaritia
985 628 1319 684 contempserat.
1382 622 1571 680 Jamque
1611 621 1667 665 ad
1703 622 1889 667 feminas

514 690 770 742 perventum
803 691 909 739 erat,
941 686 1109 744 quibus,
1151 701 1236 745 quo
1268 685 1434 731 cariora
1475 692 1733 732 ornamenta
1775 694 1889 740 sunt,

515 747 745 794 violentius
766 748 1109 796 detrahebantur
1135 766 1145 795 ε
1180 764 1262 795 nec
1283 748 1536 809 corporibus
1556 748 1728 807 quidem
1751 750 1817 794 vis
1838 764 1892 794 ac

513 810 650 856 libido
668 812 888 870 parcebat.
955 813 1117 859 Omnia
1137 813 1315 872 planctu
1338 813 1625 870 tumultuque,
1647 817 1780 872 prout
1800 813 1892 858 cui·-

517 888 598 931 que
628 874 805 921 fortuna
835 883 941 933 erat,
969 875 1153 938 [castra]
1188 878 1463 936 repleverant
1486 891 1497 928 ;
1531 890 1612 921 neo
1644 875 1731 921 ulla
1761 875 1891 921 facies

518 938 619 983 mali
640 938 805 994 deerat,
829 954 924 985 curn
949 955 1029 1000 per
1050 955 1200 986 omnes
1222 941 1398 985 ordines
1431 945 1679 997 aetatesque
1711 939 1889 986 victoris

518 1001 750 1048 crudelitas
772 1019 823 1049 ac
843 1004 1021 1050 licentia
1041 1009 1289 1062 vagaretur.
1355 1003 1482 1048 Tunc
1502 1018 1607 1048 vero
1638 1002 1892 1063 impotentis

518 1065 719 1111 fortunae
737 1067 900 1126 species
921 1067 1112 1127 conspici
1126 1067 1283 1127 potuit,
1308 1081 1405 1112 cum
1429 1067 1473 1121 ii,
1497 1067 1571 1124 qui
1592 1066 1732 1111 Dario
1753 1067 1898 1112 taber·

519 1129 721 1174 naculum
742 1137 1075 1187 exornaverant,
1099 1132 1220 1176 omni
1251 1130 1357 1175 luxu
1380 1136 1425 1177 et
1456 1129 1681 1189 opulentia
1711 1130 1897 1176 instruc-

520 1197 626 1247 tum,
651 1193 805 1238 eadem
827 1194 903 1240 illa
923 1194 1193 1248 Alexandro,
1229 1194 1350 1252 quasi
1370 1193 1508 1240 veteri
1530 1193 1724 1248 domino,
1759 1208 1896 1239 reser-

520 1255 699 1302 vabant
764 1257 965 1316 Namque
985 1258 1033 1303 id
1056 1257 1193 1303 solum
1226 1258 1440 1304 intactum
1464 1256 1701 1302 omiserant
1724 1257 1898 1310 militm,

521 1319 584 1364 ita
599 1320 766 1366 tradito
790 1335 923 1376 more,
947 1328 998 1368 ut
1022 1323 1231 1368 victorem
1255 1321 1358 1367 victi
1381 1320 1498 1381 regis
1518 1309 1804 1366 tabernaculo
1827 1335 1901 1365 ex«

523 1383 729 1442 ciperent.

585 1446 756 1493 XXIX.
792 1447 877 1493 Sed
896 1448 1090 1494 omnium
1123 1450 1273 1495 oculos
1293 1449 1545 1506 animosque
1567 1448 1612 1492 in
1636 1452 1774 1492 semet
1799 1460 1902 1491 con·-

523 1517 748 1557 verterunt
770 1513 965 1571 captivae
987 1520 1127 1559 mater
1149 1513 1394 1572 conjuxque
1414 1512 1540 1557 Darii
1559 1526 1570 1565 ;
1604 1510 1679 1556 illa
1699 1524 1792 1555 non
1814 1524 1900 1554 ma-

519 1574 679 1632 jestate
700 1575 856 1629 solum,
881 1577 958 1621 sed
980 1577 1111 1622 etiam
1132 1583 1278 1623 aetate
1299 1576 1587 1629 venerabilis3
1611 1575 1718 1620 haec
1739 1574 1906 1618 formae

525 1638 863 1696 pulchritudine,
885 1654 967 1686 nec
984 1640 1059 1685 illa
1080 1641 1254 1699 quidem
1279 1646 1396 1687 sorte
1427 1645 1646 1699 corrupta.
1711 1638 1905 1697 Accepe-

526 1707 595 1747 rat
625 1702 671 1746 in
704 1702 847 1747 sinum
890 1704 1044 1758 fllium,
1087 1705 1285 1750 nondum
1327 1710 1498 1750 sextum
1543 1702 1699 1748 aetatis
1742 1714 1903 1746 annum

527 1780 764 1824 egressum,
787 1767 834 1812 in
858 1782 977 1827 spem
1000 1773 1151 1814 tantae
1181 1768 1397 1821 fortunae,
1421 1773 1628 1825 quantam
1652 1765 1783 1825 paulo
1804 1770 1907 1809 ante

527 1836 650 1888 pater
672 1830 766 1889 ejus
786 1830 1004 1884 amiserat,
1029 1832 1241 1891 genitum.
1307 1833 1371 1877 At
1390 1831 1436 1875 in
1458 1830 1629 1890 gremio
1651 1843 1760 1874 anus
1783 1827 1905 1873 aviae

521 1894 728 1951 jacebant
770 1894 945 1940 adultae
976 1895 1167 1954 virgines
1208 1896 1333 1949 duae,
1368 1909 1457 1939 non
1502 1908 1580 1939 suo
1609 1899 1798 1949 tantum,
1832 1891 1908 1936 sed

529 1957 659 2002 etiam
680 1956 797 2002 illius
816 1971 1013 2003 moerore
1033 1958 1271 2004 confectae.
1338 1958 1501 2016 Ingens
1518 1958 1632 2002 circa
1657 1954 1802 2016 [eam]
1827 1969 1906 1999 no-

528 2020 678 2064 bilium
709 2021 967 2065 feminarum
1004 2022 1133 2068 turba
1175 2022 1446 2076 constiterat,
1481 2020 1680 2066 laceratis
1718 2018 1910 2065 crinibus

531 2084 801 2142 abscissaque
832 2091 965 2140 veste,
1000 2085 1174 2144 pristini
1204 2086 1373 2131 decoris
1410 2086 1700 2138 immemores,
1735 2081 1912 2141 reginas

530 2147 816 2206 dominasque
848 2150 960 2193 veris
982 2149 1215 2207 quondam,
1251 2155 1356 2195 tunc
1388 2148 1540 2193 alienis
1561 2147 1812 2192 nominibus
1843 2146 1910 2189 in-

532 2217 750 2257 vocantes.
837 2210 943 2258 Illae
986 2228 1089 2258 suae
1128 2213 1393 2259 'calamitatis
1414 2212 1590 2265 oblitae,
1634 2215 1734 2257 utro
1773 2223 1909 2254 cornu

533 2273 695 2320 Darius
727 2275 932 2333 stet-isset,
978 2290 1087 2334 quae
1128 2276 1306 2323 fortuna
1336 2276 1598 2322 discriminis
1629 2274 1795 2327 fuisset,
1841 2287 1909 2317 re-

533 2339 791 2396 quirebant:
827 2340 1051 2399 negabant
1091 2356 1137 2385 se
1174 2347 1335 2402 captas,
1376 2341 1411 2384 si
1454 2339 1621 2384 viveret
1663 2353 1754 2383 rex.
1823 2335 1911 2381 Sed

533 2402 654 2447 illum
688 2417 822 2461 equos
844 2404 1030 2449 subinde
1054 2410 1295 2451 mutantem
1330 2403 1504 2462 longius
1525 2403 1630 2462 fuga
1660 2399 1910 2447 abstulerat.

534 2465 587 2510 In
610 2467 700 2512 acie
729 2472 875 2513 autem
919 2482 1044 2513 caesa
1087 2474 1189 2514 sunt
1223 2469 1451 2513 Persarum
1491 2467 1690 2527 peditum
1735 2468 1912 2509 centum

536 2531 697 2583 millia3
742 2531 890 2576 decem
925 2547 1028 2576 vero
1064 2532 1197 2577 millia
1228 2531 1458 2578 interfecta
1488 2530 1697 2589 equitum.
1763 2528 1828 2573 At
1860 2541 1911 2572 ex

535 2602 658 2652 parte
679 2595 925 2641 Alexandri
955 2602 1139 2652 quatuor
1170 2603 1217 2643 et
1238 2595 1462 2655 quingenti
1483 2594 1618 2639 saucii
1647 2593 1802 2644 fuere3
1836 2592 1915 2637 tri·

535 2658 659 2717 ginta
679 2660 860 2704 omnino
882 2665 926 2705 et
948 2660 1036 2704 duo
1059 2675 1113 2704 ex
1133 2661 1353 2720 peditibus
1375 2657 1611 2704 desiderati
1634 2663 1771 2702 sunt:
1796 2655 1914 2713 equi-

535 2728 630 2768 tum
651 2729 827 2769 centum
850 2724 1165 2783 quinquaginta
1185 2722 1418 2771 interfecti.
1474 2721 1668 2767 Tantulo
1689 2718 1914 2779 impendio

538 2785 686 2844 ingens
707 2785 889 2833 victoria
910 2789 1049 2834 stetit

602 2851 746 2897 XXX.
783 2851 856 2896 12.
891 2852 990 2897 Rex
1023 2852 1099 2897 diu
1131 2851 1318 2897 Darium
1351 2849 1650 2912 persequendo
1692 2846 1914 2906 fatigatus,

539 2921 819 2974 posteaquam
834 2920 880 2961 et
895 2931 983 2961 nox
1003 2916 1237 2977 appetebat
1253 2922 1298 2961 et
1319 2930 1418 2960 eum
1436 2911 1692 2973 assequendi
1714 2925 1812 2972 spes
1828 2924 1917 2954 non

543 2985 648 3035 erat,
673 2980 719 3024 in
743 2985 884 3026 castra
905 2981 1033 3041 paulo
1055 2987 1157 3028 ante
1179 2997 1204 3025 a
1237 2980 1326 3025 suis
1358 2985 1486 3040 capta
1518 2975 1729 3039 pervenit.
1799 2973 1916 3019 Invi·
