2200 3424
0 460 54 1772 {eereeaaeveexsefeerar

18 2070 29 2089 φ
10 2000 56 2031 Ξ
22 1943 31 1961 ..
2 1794 54 1906 ςζ...

14 2381 61 2741 '1139'ss
9 2113 58 2286 Βέ.ε’ἶ’

902 323 1134 385 Qum-rr
1164 322 1388 375 cua-ru
1418 321 1575 374 aum
1817 292 1822 299 ’
1877 321 1935 373 si

546 452 874 504 solicitaverat
913 453 1049 502 vestrl
1069 453 1096 500 ἰ’
1148 452 1289 513 Impia
1317 452 1435 499 enim
1476 451 1592 500 bella
1620 448 1855 513 susclpltls.
1888 457 1934 500 ot

548 529 683 581 quum
703 515 909 564 habeatis·
933 530 1068 573 arma,
1092 515 1283 564 licemini
1315 512 1505 563 hostium
1535 515 1715 576 capita:
1749 515 1934 564 simunt

628 579 744 627 xime
766 580 945 628 talentis
967 580 1099 637 mille,
1132 579 1246 628 tanti
1276 579 1499 626 exercitus
1518 591 1611 634 ren,
1634 589 1934 641 percussorem

618 657 686 691 me
705 657 854 691 emere
870 643 1064 691 voluisti.
1109 643 1297 704 Repello
1311 642 1448 702 igitur
1464 642 1642 698 bellum,
1664 654 1755 689 non
1775 641 1937 690 infero.

551 706 615 755 Et
644 707 729 755 diis
760 719 938 768 quoque
969 721 1050 769 pro
1079 707 1260 753 meliore
1288 705 1509 753 stantibus
1537 719 1685 758 causa,
1727 717 1934 767 magnam

548 776 719 833 partem
751 770 887 817 Asiae
917 770 965 817 in
986 770 1202 818 ditionem
1231 768 1384 827 redegi
1406 781 1548 815 meam
1572 783 1583 815 ε
1620 769 1811 829 teipsum
1842 769 1935 816 nole

548 834 662 881 vici:
695 847 828 895 quem
847 834 929 881 etsi
974 834 1084 880 nihil
1105 849 1133 880 a
1153 846 1224 879 me
1243 832 1482 892 impetrare
1501 831 1749 892 oportebat,
1782 837 1937 893 utpote

547 897 626 959 qui
655 911 712 943 ne
734 896 838 942 belli
858 897 1036 959 quidem
1058 898 1105 944 in
1126 910 1197 942 me
1215 894 1320 956 jura
1340 895 1593 950 servaveris,
1615 901 1781 950 tamen,
1805 895 1843 942 sl
1865 908 1938 942 ve-

551 959 670 1007 neris
699 960 898 1021 supplex,
935 966 982 1009 et
1012 967 1199 1007 matrem
1228 966 1274 1007 et
1306 958 1544 1019 conjugem
1575 963 1622 1005 et
1653 958 1815 1005 liberos
1847 956 1940 1005 sine

549 1023 695 1085 pretio
716 1030 998 1084 recepturum
1020 1029 1065 1071 te
1083 1039 1180 1070 esse
1195 1022 1422 1083 promitto.
1486 1020 1550 1070 Et
1570 1022 1748 1069 vincere
1768 1030 1815 1069 et
1835 1035 1937 1068 con·

550 1087 694 1134 sulere
715 1087 844 1133 victis
864 1087 969 1134 scio.
1034 1086 1171 1142 Quod
1202 1086 1237 1132 si
1269 1092 1315 1132 te
1345 1085 1472 1132 nobis
1502 1085 1778 1133 committere
1798 1085 1940 1139 times,

550 1149 751 1197 dabimus
767 1150 900 1196 fldem
916 1151 1098 1211 impune
1118 1156 1367 1196 venturum.
1433 1148 1507 1194 De
1527 1154 1693 1204 ceter0,
1716 1163 1814 1195 cum
1833 1148 1940 1195 mihi

548 1214 724 1270 scribes,
747 1220 970 1261 memento
991 1228 1083 1259 non
1105 1213 1250 1260 solnm
1274 1212 1370 1266 regi
1385 1217 1445 1261 te,
1468 1212 1551 1257 scd
1571 1212 1706 1258 etiam
1728 1221 1821 1268 tuo,
1836 1212 1941 1258 scri-

551 1275 683 1323 bere-³
745 1276 822 1322 Ad
843 1277 957 1323 hanc
973 1277 1277 1338 perferendam
1301 1275 1570 1335 Thersippus
1591 1276 1762 1332 missus,
1785 1276 1943 1336 ipsein

554 1338 804 1387 Phoenicen
826 1340 989 1387 deinde
1010 1340 1252 1395 descendit,
1287 1344 1336 1387 et
1368 1339 1580 1401 oppidum
1605 1338 1783 1401 Byblon
1804 1338 1940 1387 tradi·

554 1408 652 1451 tum
673 1403 850 1463 recepit.

618 1465 701 1513 111.
736 1466 850 1513 Inde
887 1468 943 1514 ad
983 1467 1150 1514 Sidona
1188 1471 1369 1513 ventum
1406 1471 1508 1519 est,.
1528 1466 1680 1513 urbem
1725 1473 1944 1517 vetustate

555 1529 755 1589 famaque
776 1531 1055 1578 conditorum
1079 1531 1306 1591 inclytam.
1372 1530 1610 1589 Regnabat
1641 1530 1690 1576 in
1721 1545 1774 1578 ea
1795 1531 1945 1581 Strato

558 1592 686 1639 Darii
706 1593 864 1654 opibus
884 1595 1065 1655 adjutus
1082 1610 1094 1647 ς
1129 1594 1207 1641 sed
1227 1594 1330 1652 quia
1350 1593 1621 1640 deditionem
1646 1595 1788 1654 magis
1807 1609 1944 1657 popu-

557 1655 712 1702 larium
735 1670 866 1715 quam
890 1672 968 1704 sua
988 1664 1147 1718 sponte
1177 1657 1354 1712 fecerat,
1386 1671 1527 1716 regno
1559 1657 1676 1703 visus
1707 1658 1942 1720 indignus:

559 1718 970 1780 Hephaestionique
990 1721 1264 1781 permissum,
1287 1725 1351 1774 ut,
1373 1734 1502 1780 quem
1535 1736 1590 1767 eo
1619 1721 1791 1781 fastigio
1821 1738 1847 1768 e
1880 1723 1947 1772 si„

558 1782 704 1830 doniis
752 1784 1061 1843 dignissimum
1103 1784 1405 1839 arbitraretur,
1447 1784 1738 1833 constitueret
1779 1800 1949 1847 regem.

563 1845 704 1894 Erant
726 1845 1049 1908 Hephaestioni
1079 1848 1287 1907 hospites,
1322 1847 1426 1893 clari
1458 1848 1577 1894 inter
1606 1860 1709 1894 snos
1733 1848 1944 1909 juvenes:

558 1910 647 1969 qui,
684 1910 804 1957 facta
837 1911 942 1971 ipsis
979 1918 1199 1972 potestate
1228 1912 1457 1970 regnandi,
1493 1918 1768 1969 negaverunt
1798 1926 1948 1972 quem-

557 1986 689 2032 quarn
711 1974 857 2036 patrio
880 1989 1000 2021 more
1021 1975 1068 2019 in
1089 1975 1137 2020 id
1159 1975 1381 2033 fastigium
1402 1974 1551 2034 recipi,
1570 1975 1652 2020 nisi
1670 1976 1794 2035 regia
1813 1976 1950 2040 stirpe

563 2042 723 2084 ortum.
813 2038 1072 2085 Admiratus
1114 2037 1389 2098 Hephaestio
1432 2038 1781 2097 magnitudinem
1814 2041 1949 2089 animi

566 2101 814 2160 spernentis
855 2102 972 2160 quod
1015 2102 1089 2147 alii
1135 2117 1213 2161 per
1253 2101 1379 2160 ignes
1419 2101 1671 2160 ferrumque
1711 2110 1947 2163 peterent:

569 2169 581 2188 ⁴
602 2163 693 2209 Vos
713 2164 892 2224 quidem
924 2165 1056 2211 macti
1088 2164 1278 2219 virtute‚’
1309 2165 1463 2223 inquit,
1498 2169 1510 2191 ‘
1527 2169 1682 2220 estote,
1703 2167 1791 2226 qui
1821 2168 1950 2229 primi

568 2226 860 2283 intellexistis,
885 2235 1052 2288 quanto
1075 2228 1215 2288 majus
1235 2234 1351 2274 esset
1369 2242 1561 2287 regnum
1590 2228 1790 2276 fastidire
1821 2245 1950 2291 quam

568 2290 791 2351 accipere:
827 2298 1019 2337 ceterum
1043 2292 1149 2338 date
1170 2293 1355 2350 aiiqnem
1388 2292 1536 2351 regiae
1565 2292 1730 2353 stirpis,
1752 2294 1828 2354 qui
1862 2308 1951 2343 me-

566 2355 747 2401 minerit
767 2370 794 2401 a
815 2356 938 2400 vobis
970 2362 1197 2415 acceptum
1228 2355 1390 2400 habere
1418 2370 1466 2401 se
1498 2356 1716 2414 reguum?
1779 2358 1846 2405 At
1875 2360 1953 2418 illi,

568 2431 704 2477 quum
735 2419 899 2465 multos
929 2419 1156 2469 imminere
1187 2425 1339 2465 tantae
1369 2411 1460 2479 spei
1491 2425 1737 2476 cernerent,
1770 2422 1954 2482 singulis

568 2482 807 2528 amicorum
829 2482 1071 2529 Alexandri
1093 2484 1152 2528 ob
1173 2483 1352 2527 nimiam
1374 2484 1501 2541 regni
1532 2483 1820 2543 cupiditatem
1844 2486 1953 2534 adu-

571 2545 725 2603 lanteS,
748 2552 964 2601 statuunt,
989 2546 1207 2591 neminem
1240 2561 1335 2591 esse
1366 2546 1582 2605 potiorem
1604 2559 1735 2605 quam
1758 2548 1953 2598 Abdalo—

570 2623 753 2670 nymum
775 2610 1008 2669 quendam,
1024 2610 1157 2669 longa
1177 2610 1353 2668 quidem
1376 2610 1642 2669 cognatione
1662 2611 1790 2672 stirpi
1810 2614 1957 2674 regiae

571 2686 806 2730 annexum,
839 2674 916 2719 sed
949 2676 1008 2719 ob
1038 2674 1231 2732 inopiam
1263 2673 1565 2719 suburbanum
1595 2673 1778 2721 hortum⁴
1798 2678 1957 2737 exigua

572 2736 791 2784 colentem
824 2738 949 2797 stipe.
1016 2736 1160 2782 Causa
1191 2738 1231 2782 ci
1262 2738 1547 2797 paupertatis,
1580 2737 1695 2785 sicut
1726 2739 1954 2800 plerisque,

575 2800 770 2859 probitas
791 2808 886 2847 erat
908 2817 920 2846 ε
954 2801 1237 2861 intentusque
1268 2801 1393 2861 operi
1422 2801 1597 2857 diurno,
1620 2803 1858 2862 strepitum
1890 2820 1956 2851 ar-
1979 2845 1981 2848 Α

466 2886 474 2898 2
533 2873 535 2875 ’
557 2876 763 2921 morum,
784 2866 859 2924 qni
880 2871 1019 2912 totam
1043 2865 1194 2910 Asiam
1216 2870 1505 2920 concusserat,
1529 2880 1622 2912 non
1651 2866 1928 2916 exaudiebat.

553 2956 557 2963 ι
641 2926 721 2974 IV.
754 2929 913 2976 Subito
944 2928 1117 2982 deinde,
1154 2929 1211 2975 de
1240 2929 1397 2987 quibus
1427 2936 1534 2976 ante
1563 2929 1741 2976 dietum·
1765 2936 1834 2978 est
1862 2945 1961 2979 cum

574 2990 723 3050 regiae
765 2993 900 3041 vestis
940 2992 1189 3052 insignibus
1230 2993 1409 3041 hortum
1449 2993 1633 3053 intrant,
1677 3005 1806 3052 quem
1849 2994 1965 3044 forte
