2208 3424
287 26 758 39 ffl———ffl

139 323 166 387 ,θ
201 308 216 369 ἱ,
498 313 556 361 62
858 310 1084 368 omnm
1116 310 1338 359 cumn
1369 309 1525 359 RUFI

495 443 663 488 hostem
704 439 858 499 procul
898 444 1027 486 stare.
1094 439 1293 486 Tandem
1325 446 1547 500 compotes
1589 440 1656 485 sui
1697 438 1861 501 pariter

497 519 614 551 arma
634 508 679 550 et
694 502 862 548 animos
902 517 1127 563 recepere;
1163 517 1245 548 nec
1265 504 1504 564 quidquam
1534 518 1590 549 ex
1619 505 1858 563 praesenti-

152 592 154 594 v
205 565 230 614 ¹4·
495 570 575 614 bus
595 567 735 613 tutius
749 566 891 612 visum
912 572 992 621 est,
1008 580 1138 625 quam
1157 567 1314 612 eodem
1335 568 1431 613 loco
1447 573 1588 614 castra
1602 568 1787 614 munire.

555 629 770 676 XLVIII.
805 630 988 677 Postero
1029 629 1103 675 die
1154 630 1369 685 Mazaeus,
1424 632 1499 689 qui
1540 646 1639 676 cum
1680 632 1859 678 delectis

494 694 689 754 equitum
719 694 765 739 in
797 693 918 740 edito
948 693 1071 748 colle,
1105 708 1159 738 ex
1190 708 1275 752 quo
1306 694 1597 740 Macedonum
1628 696 1859 755 prospicie—
2069 709 2089 736 κε

141 771 145 776 ’
206 771 221 812 3v
495 759 655 804 bantur
675 764 830 813 castra,
854 757 1123 812 consederat,
1147 756 1238 802 sive
1259 764 1392 811 metu,
1416 758 1507 802 sive
1527 758 1628 816 quia
1648 758 1860 817 speculari

217 874 221 888 Ω
495 822 625 867 modo
650 820 798 880 jussus
829 827 936 876 erat,
969 821 1027 866 ad
1059 820 1245 866 Darium
1267 821 1410 867 rediit.
1477 821 1740 867 Macedones
1762 836 1859 867 eum

206 890 221 944 :45
495 886 636 945 ipsum
666 884 819 929 collem
849 899 977 944 quem
998 884 1249 929 deseruerat
1290 891 1613 944 occupaverunt
1636 901 1646 930 τ
1682 901 1783 931 nam
1815 892 1859 930 et

210 999 212 1001 ,
494 949 631 996 tutior
651 947 832 1007 planitie
847 954 953 1001 erat,
972 953 1018 994 et
1036 947 1140 993 inde
1151 947 1265 993 acies
1285 947 1489 1002 hostium,
1507 963 1618 1007 quae
1640 948 1685 992 in
1706 963 1859 1008 campo

188 1016 222 1067 ξ
495 1012 805 1071 explicabatur,
829 1011 1019 1071 conspici
1040 1017 1228 1070 poterat.
1294 1011 1381 1056 Sed
1411 1012 1562 1069 caligo,
1588 1026 1717 1070 quam
1748 1014 1861 1057 circa

208 1072 211 1087 ³
495 1075 662 1120 humidi
683 1075 929 1120 effuderant
950 1081 1133 1130 montes,
1157 1075 1401 1119 universam
1423 1075 1601 1134 quidem
1623 1075 1686 1119 rei
1707 1075 1859 1120 faciem

495 1154 584 1184 non
606 1138 799 1193 abstulit,
824 1143 1017 1184 ceterum
1049 1139 1272 1197 agminum
1304 1139 1551 1183 discrimiua
1584 1145 1714 1196 atque
1744 1139 1859 1183 ordi-

496 1218 596 1248 nem
625 1201 851 1262 prohibuit
882 1201 1083 1261 perspici.
1166 1201 1412 1247 Multitudo
1434 1201 1724 1248 inundaverat
1745 1216 1862 1247 cam-

495 1282 605 1326 pos;
659 1265 940 1324 fremitusque
969 1272 1038 1312 tot
1079 1265 1261 1311 millium
1302 1266 1432 1311 etiarn
1467 1266 1618 1324 procul
1651 1267 1860 1311 stantium
2077 1313 2092 1325 ,-

495 1345 617 1376 aures
637 1329 905 1388 impleverat.
969 1328 1193 1374 Fluctuari
1213 1328 1357 1374 animo
1379 1344 1470 1383 rex,
1504 1334 1549 1374 et
1571 1329 1701 1374 fnodo
1723 1344 1859 1377 suum,
2077 1351 2097 1391 2,-

497 1394 624 1439 modo
648 1392 948 1437 Parmenionis
980 1393 1205 1438 consilium
1240 1408 1335 1437 sera
1356 1392 1657 1438 aestimatione
1677 1408 1860 1452 perpen-
2067 1421 2092 1449 ᾗ

496 1457 623 1510 dere;
657 1457 819 1515 quippe
840 1471 893 1501 eo
914 1463 1093 1502 ventum
1109 1463 1210 1511 erat,
1234 1457 1353 1501 unde
1374 1457 1507 1515 recipi
1529 1456 1760 1511 exercitus,
1778 1457 1862 1500 nisi
2072 1450 2094 1478 '³³‘

495 1521 642 1575 victor,
677 1520 768 1565 sine
799 1520 924 1564 clade
954 1534 1044 1565 non
1077 1527 1232 1578 posset.
1320 1518 1550 1579 [Movebat
1597 1520 1728 1564 etiam
1760 1535 1857 1564 eum

498 1583 734 1629 multitudo
754 1584 960 1638 hostium,
984 1591 1182 1643 respectu
1204 1584 1437 1643 paucitatis
1460 1598 1562 1628 suae
1583 1584 1728 1641 gentis
1753 1600 1762 1627 ε
1787 1584 1861 1628 sed

495 1647 716 1692 interdum
736 1648 982 1706 reputabat,
1015 1653 1197 1704 quantas
1219 1663 1288 1691 res
1319 1662 1417 1691 cum
1440 1647 1521 1691 hac
1540 1653 1674 1704 gente
1705 1648 1860 1705 gessis-

497 1716 575 1765 set,
606 1716 879 1770 quantosque
914 1711 1096 1770 populos
1125 1710 1319 1755 fudisset.
1404 1711 1558 1769 Itaque
1589 1725 1723 1768 quum
1767 1725 1860 1769 spes

144 1687 160 1766 3

144 1774 159 1824 4
497 1779 660 1819 metum
692 1773 900 1830 vinceret,
933 1774 1214 1833 periculosius
1245 1773 1407 1818 bellum
1438 1774 1611 1818 differre
1641 1781 1777 1827 ratus,
1808 1789 1863 1817 ne

85 1853 98 1867 '-
144 1848 157 1905 q
226 1897 227 1900 Ἰ
497 1837 741 1895 desperatio
772 1837 861 1882 suis
884 1843 1128 1890 cresceret3
1161 1837 1431 1882 dissimulato
1461 1852 1526 1891 eo,
1550 1838 1861 1881 mercenarium

140 1894 156 1970 4
495 1901 683 1958 equitem
704 1915 758 1945 ex
781 1900 972 1946 Paeonia
991 1901 1251 1960 praecedere
1266 1900 1408 1959 jubet.
1476 1900 1573 1958 Ipse
1594 1900 1860 1958 phalangem,

495 1963 607 2009 sicut
620 1970 749 2010 antea
763 1964 931 2009 dictum
944 1970 1024 2021 est,
1040 1964 1089 2009 in
1104 1964 1192 2009 duo
1212 1979 1376 2009 cornua
1391 1964 1649 2009 extenderat
1667 1979 1676 2008 :
1699 1971 1860 2009 utrum-

498 2041 580 2085 que
600 2042 735 2073 cornu
755 2027 923 2086 equites
952 2028 1174 2087 tegebant.
1238 2028 1423 2085 Jamque
1454 2027 1634 2073 nitidior
1655 2027 1743 2080 lux,
1777 2028 1863 2072 dis-

499 2105 621 2136 cussa
640 2091 837 2149 caligine,
862 2092 997 2136 aciem
1018 2092 1207 2137 hostium
1221 2092 1473 2136 ostenderat
1492 2107 1501 2135 :
1527 2097 1572 2136 et
1586 2090 1860 2139 Macedones.

498 2154 588 2199 sive
629 2155 866 2208 alacritate,
909 2155 998 2199 sive
1041 2155 1185 2201 taedio
1224 2155 1571 2214 exspectationis,
1626 2155 1860 2212 ingentem,

227 2273 229 2277 ,
503 2218 794 2277 pugnantium
825 2233 958 2272 more,
993 2219 1168 2264 edidere
1199 2219 1444 2263 clamorem.
1508 2217 1729 2263 Redditus
1762 2226 1805 2263 ct
1839 2236 1863 2262 a

7 2286 61 2355 s
99 2322 101 2324 ,
227 2286 229 2288 ’
503 2281 647 2326 Persis
689 2296 868 2327 nemora
911 2282 1128 2341 vallesque
1170 2281 1468 2341 circumjectas
1521 2281 1703 2327 terribili
1758 2296 1862 2326 sono

82 2365 108 2391 *r
226 2347 230 2390 ἕ
500 2344 768 2403 impleverat.
832 2345 928 2390 Nec
963 2345 1055 2404 jam
1098 2345 1312 2391 contineri
1356 2345 1617 2390 Macedones
1649 2353 1863 2403 poterant.

228 2415 230 2417 ’
502 2408 605 2465 quin
635 2423 764 2453 cursu
795 2422 969 2468 quoque
1000 2410 1057 2453 ad
1088 2409 1254 2455 hostem
1287 2408 1641 2469 contenderent]
1709 2409 1865 2452 Melius

504 2471 644 2516 adhuc
685 2478 806 2518 ratus
849 2473 896 2517 in
927 2473 1079 2517 eodem
1111 2473 1280 2518 tumulo
1314 2479 1454 2518 castra
1488 2475 1669 2522 munire,
1704 2473 1864 2517 vallum

87 2197 100 2208 ἱ
103 2155 112 2166 C

135 2156 153 2266 „m
140 2119 145 2140 vr,
139 2098 144 2107 ,
139 2070 142 2083 Α.

494 2535 583 2592 jaci
596 2534 754 2593 jussit:
789 2543 1051 2595 strenueque
1072 2551 1200 2596 opere
1222 2537 1427 2596 perfecto,
1451 2537 1498 2581 in
1520 2537 1861 2588 tabernaculum,

13 2645 46 2670 ἢ
93 2622 97 2665 l
129 2538 147 2656 Ἰ
502 2613 557 2643 ex
578 2613 664 2657 quo
685 2605 778 2644 tota
799 2599 912 2644 acies
934 2600 1123 2647 hostium
1143 2600 1497 2659 conspiciebatur,
1521 2601 1709 2646 secessit.

30 2672 37 2737 i
94 2674 137 2721 ξ
229 2716 231 2718 ¹
565 2661 732 2707 XLIX.
767 2663 838 2707 13.
877 2664 989 2708 Tum
1044 2679 1147 2708 vero
1178 2665 1379 2709 universa
1430 2665 1565 2710 futuri
1608 2664 1863 2709 discriminis

11 2748 15 2752 ·
230 2737 232 2742 ‘
501 2726 630 2771 facies
672 2725 719 2769 in
763 2726 900 2771 oculis
945 2732 1066 2772 erat:
1114 2728 1242 2772 armis
1288 2728 1531 2786 insignibus
1562 2730 1659 2786 equi
1703 2727 1865 2784 virique

506 2789 791 2849 splendebant
816 2805 825 2834 ε
861 2799 906 2835 et
928 2791 1072 2835 omnia
1102 2790 1335 2837 intentiore
1356 2807 1460 2837 cura
1482 2791 1728 2851 praeparari
1749 2791 1862 2849 apud

506 2852 688 2908 hostem,
712 2853 962 2899 sollicitudo
983 2862 1230 2913 praetorum
1254 2856 1427 2914 agmina
1449 2871 1526 2900 sua
1554 2855 1863 2913 interequitan-

231 2938 236 2977 ξ
506 2916 616 2962 tium
648 2917 920 2963 ostendebat.
985 2916 1055 2962 Ac
1085 2917 1288 2976 pleraque
1319 2919 1478 2973 inania,
1517 2920 1630 2964 sicut
1670 2918 1872 2963 fremitus-

507 2979 744 3040 hominum,
777 2995 985 3039 equorum
1017 2982 1225 3038 hinnitus,
1261 2998 1477 3028 armorum
1519 2983 1864 3030 internitentium

2088 3138 2094 3145 “
2086 3045 2099 3073 2*
2074 2829 2105 3004 «Ῥ-’,ΐῑιΞ-,Ξεῖξὶίὲὶνςικ
2079 2786 2099 2790 '1
