2208 3408
0 1071 153 1117 >ximae

0 1151 38 1181 m
63 1149 151 1180 non

0 1214 43 1245 n.
106 1197 150 1243 Si

0 1262 153 1311 arsitan

13 1333 158 1387 potest

15 1397 158 1450 potest

1 1453 153 1499 crasti-

0 1532 54 1563 .us
76 1523 155 1569 est,

0 1596 48 1625 lm
69 1579 160 1625 bel-

0 1659 23 1689 e
43 1643 160 1702 pacis

0 1707 165 1754 nittan-

6 1802 17 1815 .
83 1769 165 1815 Di-

0 1913 24 1942 n
69 1910 166 1943 cum

0 1960 169 2008 >titurus

23 2023 170 2070 uxoris

0 2103 19 2133 ι
49 2089 165 2134 intra

0 2159 80 2207 cto,
114 2152 170 2196 ad

0 2221 104 2271 tem,
126 2214 173 2260 in

0 2285 77 2325 nta
107 2293 173 2324 se-

0 2358 18 2390 s
49 2342 171 2401 equis

0 2407 58 2453 At
88 2406 175 2459 ille,

0 2485 47 2515 us
63 2470 178 2517 ultra

0 2573 3 2579 .
35 2534 179 2579 hinni-

0 2612 178 2658 quoque,

11 2662 184 2722 recipit,

27 2726 73 2770 in
104 2741 180 2785 pa-

0 2790 182 2837 militem

0 2854 182 2900 actriani

0 2933 58 2964 sm
83 2934 94 2964 :
139 2924 186 2962 et

84 2981 184 3026 Hos

358 2521 366 2528 ⁴
347 2210 377 2509 5AEfflffffsw÷1sfffiss
363 2188 365 2190 ·

968 316 1162 364 LIBER
1196 314 1522 373 QUARTUS.
1869 319 1925 366 61

555 444 875 508 qulnquaginta
924 444 1071 492 falcati
1122 457 1274 491 currus
1326 442 1652 505 sequebantur:
1707 445 1927 505 proximus

554 508 779 571 quadrigis
801 514 894 556 erat
916 507 1091 563 Bessus,
1124 523 1222 554 cum
1243 513 1346 555 octo
1376 506 1567 554 millibus
1597 507 1790 568 equitum
1823 509 1925 554 item

558 572 813 620 Bactrianis.
880 571 1152 631 Massagetae
1194 571 1368 618 duobus
1408 569 1598 617 millibus
1640 586 1799 631 agmon
1831 572 1925 630 ejus

553 636 832 683 claudebant.
895 633 1068 681 Pedites
1099 634 1167 681 his
1188 634 1378 694 plurium
1397 634 1594 694 gentium
1625 649 1717 681 non
1750 635 1921 690 mixtas,

554 700 631 745 sed
663 714 766 746 suae
809 697 990 759 quisque
1026 697 1216 745 nationis
1252 698 1494 758 junxerant
1526 698 1684 758 copias.
1774 698 1926 746 Persas

551 763 714 809 deinde
735 777 835 808 eum
858 761 1024 809 Mardis
1046 761 1366 820 Sogdianisque
1398 759 1719 808 Ariobarzanes
1741 769 1785 808 et
1809 762 1923 808 Oro-

551 828 674 873 bates
693 825 928 873 ducebant.
970 824 1040 871 Illi
1060 825 1255 885 partibus
1277 824 1515 884 copiarum,
1538 838 1729 870 summae
1745 826 1923 871 Orsines

552 895 748 949 praeerat
770 905 796 936 a
817 895 979 948 septem
1021 888 1164 934 Persis
1200 887 1424 942 oriundus,
1457 886 1515 932 ad
1553 887 1719 948 Cyrum
1750 903 1921 949 quoque

551 951 864 998 nobilissimum
895 966 1043 1012 regem
1071 951 1286 1009 originem
1318 953 1385 996 sui
1416 950 1618 997 referens.
1686 950 1782 997 Hos
1813 952 1922 998 aliae

548 1023 714 1074 gentes,
740 1032 795 1062 ne
817 1015 942 1061 sociis
959 1014 1132 1075 quidem
1150 1014 1253 1060 satis
1274 1020 1419 1069 notae,
1443 1015 1750 1073 sequebantur.
1816 1015 1921 1062 Post

547 1094 655 1138 quas
686 1079 1002 1138 quinquaginta
1022 1078 1253 1136 quadrigas
1286 1077 1529 1124 Phradates
1550 1092 1710 1138 magno
1744 1079 1920 1139 Caspia-

548 1157 701 1187 norum
719 1143 894 1202 agmine
914 1141 1216 1188 antecedebat.
1282 1140 1397 1195 Indi,
1412 1140 1631 1200 ceterique
1646 1141 1769 1187 rubri
1792 1144 1919 1189 maris

547 1205 738 1260 adcolae,
759 1205 936 1251 nomina
956 1204 1098 1250 verius
1120 1218 1248 1263 quam
1281 1203 1456 1258 auxilia,
1479 1211 1579 1263 post
1599 1219 1752 1250 currus
1774 1213 1914 1252 erant.

547 1266 849 1315 Claudebatur
870 1268 952 1313 hoc
968 1283 1123 1326 agmen
1158 1267 1253 1313 aliis
1284 1267 1452 1313 falcatis
1485 1267 1683 1313 curribus
1704 1268 1915 1327 quinqua-

548 1332 698 1390 ginta:
743 1332 865 1392 queis
896 1332 1176 1392 peregrinum
1210 1330 1392 1377 militem
1426 1329 1702 1389 adjunxerat.
1783 1331 1918 1377 Ilum·

547 1395 760 1450 Armenii,
795 1410 903 1455 quos
953 1395 1142 1440 minores
1183 1399 1354 1449 vocant,
1395 1392 1633 1445 ,Armenios
1666 1393 1914 1455 Babylonii,

548 1465 751 1516 utrosque
777 1458 955 1513 Belitae,
981 1464 1027 1504 et
1057 1457 1133 1517 qui
1154 1464 1325 1504 montes
1348 1456 1630 1502 Cossaeorum
1650 1457 1915 1514 incolebant,

546 1523 850 1580 sequebantur.
917 1521 1024 1567 Post
1054 1520 1134 1565 hos
1166 1521 1290 1567 ibant
1325 1519 1536 1575 Gortuae,
1568 1521 1707 1577 gentis
1739 1523 1913 1580 quidem

548 1584 780 1639 Euboicae,
817 1584 972 1630 Medos
1003 1584 1221 1641 quondam
1242 1584 1380 1630 secuti
1402 1598 1413 1638 ;
1447 1583 1526 1629 sed
1547 1582 1638 1641 jam
1661 1584 1914 1642 degeneres,

543 1654 590 1692 et
631 1649 761 1707 patrii
804 1648 933 1692 moris
964 1647 1121 1706 ignari.
1207 1646 1493 1707 Applicuerat
1523 1646 1590 1691 his
1633 1645 1832 1707 Phrygas
1874 1659 1916 1694 et

547 1711 778 1757 Cataonas.
845 1710 1106 1757 Parthorum
1131 1710 1291 1755 deinde
1312 1725 1433 1768 gens,
1466 1709 1751 1756 incolentium
1775 1718 1913 1757 terras
1951 1724 1953 1728 ‘

543 1789 651 1832 quas
682 1789 799 1819 nunc
832 1774 984 1820 Parthi
1018 1773 1209 1832 Scythiav
1229 1773 1412 1832 profecti
1454 1778 1618 1829 tenent,
1652 1773 1912 1821 claudebant

543 1852 716 1896 agmen.
782 1835 907 1883 Haec
923 1837 1087 1883 sinistri
1109 1851 1246 1881 cornu
1267 1837 1381 1882 acies
1401 1836 1499 1882 fuit.

607 1900 798 1945 XLVII.
833 1901 1050 1945 Dextrum
1093 1900 1273 1945 tenebat
1304 1900 1424 1946 natio
1458 1899 1629 1958 majoris
1664 1901 1909 1958 Armeniae,

544 1963 819 2022 Cadusiique,
845 1964 1137 2023 Cappadoces,
1162 1969 1206 2008 et
1229 1962 1342 2022 Syri,
1377 1970 1422 2008 et
1443 1962 1566 2007 Medi
1589 1979 1599 2009 ε
1632 1964 1700 2008 his
1738 1979 1909 2023 quoque

541 2026 687 2072 falcati
718 2042 867 2072 currus
889 2032 1014 2072 erant
1036 2026 1367 2085 quinquaginta.
1434 2025 1610 2071 Summa
1630 2026 1767 2073 totius
1789 2043 1910 2073 exer-

540 2090 666 2144 citus,
711 2091 878 2150 equites
920 2090 1211 2149 quadraginta
1251 2090 1443 2148 quinque
1487 2089 1650 2135 millia:
1698 2091 1911 2149 pedestris

540 2154 654 2197 acies
675 2152 866 2200 ducenta
907 2153 1043 2197 millia
1083 2153 1349 2212 expleverat.
1414 2151 1516 2197 Hoc
1547 2154 1676 2198 modo
1707 2153 1909 2201 instructi

540 2216 691 2261 decem
741 2217 881 2262 stadia
910 2216 1188 2276 procedunt:
1235 2215 1435 2274 ¹jussique
1478 2216 1724 2270 subsistere,
1756 2219 1909 2264 armati

541 2279 708 2325 hostem
730 2281 1036 2338 expectabant.
1101 2279 1346 2340 Alexandri
1363 2278 1598 2325 exercitum
1616 2295 1764 2339 pavor,
1789 2280 1910 2340 cujus

539 2357 669 2387 causa
698 2357 789 2388 non
820 2344 1008 2397 suberat,
1039 2342 1224 2388 invasit:
1255 2343 1413 2402 quippe
1444 2342 1658 2402 lymphati
1688 2344 1907 2403 trepidare

539 2412 790 2464 coeperunt,
824 2407 1016 2452 omnium
1048 2413 1225 2465 pectora
1255 2407 1427 2451 occulto
1459 2414 1578 2451 metu
1609 2414 1910 2465 percurrente.

542 2469 664 2514 Coeli
680 2470 837 2529 fulgor,
859 2475 1054 2529 tempore
1075 2470 1239 2515 aestivo
1262 2468 1434 2514 ardenti
1450 2468 1598 2514 similis
1627 2470 1901 2526 internitens,

540 2533 654 2590 ignis
685 2533 885 2592 praebuit
917 2533 1128 2592 speciem:
1184 2532 1464 2590 flammasque
1505 2547 1559 2577 ex
1591 2533 1720 2578 Darii
1751 2534 1902 2580 castris

540 2597 781 2655 splendere,
829 2596 948 2642 velut
990 2596 1101 2641 illati
1152 2601 1317 2641 temere
1357 2595 1594 2654 praesidiis,
1648 2596 1901 2643 credebant.

541 2660 674 2714 Quod
696 2660 731 2705 si
752 2660 960 2720 perculsis
992 2660 1208 2715 Mazaeus,
1232 2659 1306 2717 qui
1336 2659 1612 2717 praesidebat
1641 2659 1800 2714 itineri,
1835 2677 1906 2704 su-

539 2724 819 2780 pervenisset,
838 2724 993 2782 ingens
1015 2723 1158 2768 clades
1179 2722 1315 2782 accipi
1335 2723 1481 2781 potuit
1503 2738 1513 2768 :
1537 2723 1608 2767 ille
1622 2723 1767 2781 segnis
1787 2724 1832 2767 in
1854 2739 1906 2768 eo

538 2802 668 2845 quem
687 2794 972 2846 occupaverat
993 2786 1164 2832 tumulo
1186 2786 1321 2840 sedet,
1345 2791 1578 2837 contentus
1608 2801 1698 2831 non
1730 2786 1898 2831 lacessi.

540 2850 806 2905 Alexander,
828 2851 1006 2909 cognito
1035 2864 1196 2909 pavore
1216 2849 1445 2904 exercitus,
1465 2849 1636 2908 signum
1658 2854 1709 2894 ut
1741 2851 1903 2894 consis-

540 2919 682 2959 terent
704 2914 812 2968 dari,
835 2914 950 2973 ipsos
972 2928 1091 2958 arma
1112 2913 1332 2973 deponere
1363 2928 1413 2958 ac
1433 2912 1577 2958 levare
1608 2928 1801 2972 corpora,
1828 2913 1902 2972 ju-

537 2977 647 3022 bet:
698 2978 949 3033 admonens,
984 2977 1142 3022 nullam
1188 2976 1320 3022 subiti
1363 2991 1536 3022 eausam
1578 2991 1669 3022 esse
1701 2976 1906 3032 timoris;

1195 3055 1229 3098 F
