2200 3408
947 296 1141 347 LIBER.
1175 295 1467 347 TERTIUS.
1841 297 1900 347 10

529 425 679 475 modes
708 429 817 482 erat,
851 424 1031 474 Graecis
1060 424 1281 487 peditibus
1313 424 1515 472 mercede
1545 422 1776 472 conductis
1815 423 1898 471 tri-

527 490 654 550 ginta
672 487 863 536 millibus
882 488 1154 551 praepositus
1175 505 1186 538 ε
1209 489 1294 537 hoc
1313 492 1410 536 erat
1429 487 1549 536 haud
1563 486 1745 534 dubium
1764 486 1903 534 robur

523 551 756 607 exercitus,
799 566 879 614 par
909 551 1218 600 Macedonicae
1249 551 1457 616 phalangi
1489 551 1614 598 acies.
1678 550 1732 598 ln
1774 551 1901 598 laevo

527 628 664 662 cornu
685 614 982 664 Aristomedes
1005 614 1238 663 Thessalus
1267 614 1426 676 viginti
1456 613 1591 661 millia
1618 614 1904 662 barbarorum

526 677 724 739 peditum
754 678 959 727 habebat·
1025 678 1079 726 ln
1094 678 1299 727 subsidiis
1319 676 1661 740 pugnacissimas
1681 678 1902 725 locaverat

524 748 696 802 gentes·
776 740 925 803 Ipsum
967 756 1117 803 regem
1146 742 1195 789 in
1226 741 1385 789 eodem
1425 754 1563 787 cornu
1593 740 1903 788 dimicaturum

524 806 610 852 tria
629 803 767 852 millia
795 804 1063 854 delectorum
1094 805 1304 865 equitum,
1337 810 1510 852 assueta
1539 803 1730 864 corporis
1760 810 1906 851 custo-

525 868 638 925 diae,
661 873 707 915 et
736 868 950 930 pedestris
979 869 1094 917 acies
1124 868 1418 929 quadraginta
1445 866 1567 914 milla
1596 866 1902 927 sequebantur.

527 929 730 993 Hyrcani
749 931 911 979 deinde
928 932 1135 995 Medique
1155 931 1322 992 equites
1338 947 1350 986 ς
1374 931 1440 979 his
1460 931 1645 991 proximi
1660 935 1907 979 ceterarum

525 995 725 1053 gentium
741 995 860 1044 ultra
880 1010 953 1043 eos
964 996 1124 1044 dextra
1142 995 1351 1056 laevaque
1363 994 1577 1055 dispositi.
1612 993 1711 1041 Hoc
1731 1008 1908 1055 agmen,

525 1059 638 1106 sicut
658 1058 826 1106 dictum
848 1066 926 1115 est,
949 1059 1224 1116 instructum,
1247 1073 1323 1105 sex
1341 1058 1476 1104 millia
1490 1056 1784 1118 jaculatorum
1804 1056 1906 1103 fun-

524 1122 803 1181 ditorumque
832 1122 1168 1170 antecedebant.
1231 1121 1462 1182 Quidquid
1494 1122 1540 1167 in
1573 1119 1657 1168 illis
1689 1121 1907 1181 angustiis

526 1184 637 1231 adiri
658 1190 846 1246 poterat,
868 1185 1157 1246 impleverant
1176 1185 1341 1247 copiae,
1359 1198 1607 1244 cornuaque
1626 1184 1729 1230 hino
1744 1198 1771 1230 a
1779 1184 1908 1245 jugo,

526 1247 646 1296 illinc
667 1263 695 1295 a
715 1249 823 1296 mari
845 1248 1021 1296 stabant
1038 1264 1050 1303 ς
1068 1263 1248 1296 uxorem
1270 1254 1542 1308 matremque
1561 1247 1689 1307 regis,
1706 1252 1753 1294 et
1774 1246 1909 1294 alium

529 1310 787 1362 feminarum
808 1326 987 1373 gregem
1009 1312 1057 1358 in
1077 1312 1270 1380 medium
1291 1327 1450 1373 agmen
1471 1318 1740 1371 acceperant.

588 1373 763 1422 xxm.
797 1375 1051 1423 Alexander
1081 1375 1352 1437 phalangem,
1384 1389 1471 1435 qua
1490 1374 1600 1422 nihil
1620 1374 1739 1436 apud
1762 1374 1910 1420 Maee-

529 1438 666 1485 donas
688 1437 875 1486 validius
895 1445 1003 1496 erat,
1020 1439 1065 1485 in
1081 1440 1227 1488 fronte
1248 1438 1479 1487 constituit
1501 1470 1514 1494 ‚
1546 1438 1749 1486 dextrum
1771 1452 1910 1484 cornu

533 1501 726 1548 Nicanor
747 1501 1049 1549 Parmenionis
1068 1503 1186 1551 tilius
1206 1504 1417 1551 tuebatur
1438 1518 1449 1557 ς
1490 1502 1594 1548 huic
1613 1501 1798 1562 proximi
1821 1506 1911 1548 sta·

529 1565 637 1613 bant
659 1564 848 1621 Coenos,
881 1572 926 1613 et
946 1565 1189 1623 Perdiccas,
1213 1573 1258 1614 et
1279 1565 1519 1627 Meleager,
1542 1571 1588 1612 et
1619 1564 1912 1618 Ptolemaeus,

529 1635 573 1675 et
596 1629 829 1690 Amyntas,
864 1629 931 1676 sui
960 1629 1141 1689 quisque
1157 1629 1344 1691 agminis
1365 1630 1525 1685 duces3
1555 1628 1602 1675 in
1631 1628 1769 1683 laevo,
1793 1628 1911 1686 quod

531 1691 586 1738 ad
619 1706 738 1739 mare
769 1692 1031 1753 pertinebat,
1066 1692 1276 1742 Craterus
1308 1702 1354 1741 et
1387 1692 1619 1740 Parmenio
1639 1698 1799 1746 erant;
1834 1691 1913 1738 sed

534 1754 742 1803 Craterus
774 1755 1052 1804 Parmenioni
1082 1771 1234 1818 parere
1256 1756 1422 1816 jussus.
1488 1756 1669 1816 Equites
1701 1756 1758 1802 ab
1789 1761 1914 1801 ntro-

534 1833 616 1877 que
654 1833 791 1866 cornu
822 1819 979 1867 locati:
1013 1820 1219 1868 dextrum
1252 1820 1531 1876 Macedones,
1578 1818 1795 1865 Thessalis
1833 1818 1913 1865 ad-

526 1882 710 1941 junctis,
741 1883 914 1929 laevum
947 1883 1300 1944 Peloponnenses
1330 1885 1583 1932 tuebantur.
1647 1884 1767 1928 Ante
1799 1881 1916 1928 hano

535 1946 673 1992 aciem
694 1951 901 2006 posuerat
921 1945 1196 1993 funditorum
1216 1962 1411 2003 manum,
1435 1946 1670 2007 sagittariis
1691 1945 1911 1992 admixtis.

538 2007 731 2055 Thraces
750 2022 921 2068 quoque
941 2016 985 2057 et
1009 2010 1240 2057 Cretenses
1261 2018 1367 2058 anto
1394 2025 1551 2070 agmen
1584 2009 1720 2066 ibant,
1754 2013 1800 2054 et
1831 2009 1913 2068 ipsi

537 2071 693 2118 leviter
734 2073 905 2119 armati.
969 2074 1034 2119 At
1063 2073 1129 2128 iis,
1154 2075 1229 2133 qui
1260 2074 1485 2136 praemissi
1527 2089 1554 2119 a
1584 2071 1723 2118 Dario
1752 2071 1913 2133 jugum

537 2136 698 2181 montis
728 2134 994 2191 insederant,
1011 2137 1230 2196 Agrianos
1247 2137 1464 2200 opposuit,
1489 2152 1545 2183 ex
1568 2135 1751 2181 Graecia
1773 2149 1915 2195 nuper

538 2198 756 2245 advectos.
823 2198 1101 2246 Parmenioni
1122 2206 1268 2248 autem
1289 2205 1583 2262 praeceperat,
1605 2205 1669 2254 ut,
1702 2205 1915 2257 quantum

537 2269 697 2321 posset,
721 2276 879 2321 agmen
909 2262 965 2308 ad
987 2278 1106 2309 mare
1135 2265 1407 2319 extenderet,
1431 2278 1519 2324 quo
1539 2263 1713 2322 longius
1744 2263 1917 2308 abesset

539 2326 763 2372 montibus
804 2339 913 2384 quos
949 2334 1269 2387 occupaverant
1310 2328 1498 2375 barbari.
1564 2327 1628 2373 At
1668 2326 1733 2371 illi
1773 2339 1917 2384 neque

542 2389 717 2435 obstare
737 2390 1028 2446 venientibus,
1061 2406 1142 2437 nee
1169 2392 1402 2438 circumire
1421 2396 1763 2452 praetergressos
1785 2388 1881 2434 ausi
1902 2405 1913 2441 ;

538 2452 811 2499 funditorum
832 2453 1018 2500 maxime
1039 2454 1249 2515 adspectu
1269 2455 1550 2516 profugerant
1569 2453 1711 2501 territi
1734 2467 1745 2498 ε
1779 2465 1917 2511 eaque

542 2530 609 2561 res
640 2522 788 2563 tutum
819 2516 1076 2564 Alexandro
1111 2519 1297 2577 agminis
1327 2520 1459 2575 latus,
1491 2517 1610 2578 quod
1640 2531 1697 2562 ne
1727 2529 1918 2577 superne

539 2579 827 2626 incesseretur
840 2580 1057 2636 timuerat,
1081 2583 1312 2642 praestitit.
1380 2582 1585 2642 Triginta
1605 2586 1649 2627 et
1670 2580 1760 2626 duo
1776 2593 1916 2625 arma-

536 2649 684 2689 torum
705 2643 881 2690 ordines
900 2645 1057 2699 ibant3
1091 2660 1233 2705 neque
1264 2647 1383 2692 enim
1405 2645 1537 2693 latius
1569 2643 1748 2690 extendi
1780 2643 1917 2689 aciem

537 2706 817 2765 patiebantur
838 2709 1067 2767 angustiae
1088 2724 1099 2756 :
1134 2710 1345 2768 paulatim
1367 2710 1530 2756 deinde
1561 2723 1607 2754 se
1626 2707 1775 2754 laxare
1796 2706 1916 2753 sinus

538 2771 755 2818 montium
784 2777 830 2819 et
859 2771 997 2832 maius
1039 2773 1229 2833 spatium
1270 2774 1440 2834 aperire
1470 2777 1703 2833 coeperant
1725 2787 1737 2825 ;
1771 2770 1835 2817 ita
1865 2776 1920 2815 ut

539 2847 627 2879 non
659 2833 793 2894 pedes
834 2835 973 2881 solum
1003 2836 1203 2897 pluribus
1234 2838 1388 2884 ordine
1416 2837 1632 2892 incedere,
1676 2833 1755 2881 sed
1785 2833 1916 2881 etiam

540 2896 750 2944 lateribus
770 2898 1060 2946 circumfundi
1080 2907 1227 2961 posset
1247 2902 1481 2961 equitatus.

602 2959 769 3009 XXIV.
806 2962 880 3010 10.
914 2961 1015 3011 Jam
1037 2964 1085 3012 in
1104 2974 1355 3028 conspectu,
1380 2966 1456 3014 sed
1473 2971 1600 3014 extra
1630 2963 1708 3012 teli
1731 2962 1916 3024 jactum,
