2192 3424
401 322 459 367 12
728 320 730 324 '
750 317 981 376 QUINTI
1011 317 1239 367 cuR'rn
1272 318 1428 367 RUFI

397 455 477 497 aut
504 449 655 495 hostes
683 447 952 507 populatos:
991 460 1069 507 per
1111 453 1259 494 vastas
1291 447 1566 505 solitudines,
1607 448 1780 497 etiamsi

393 526 525 560 nemo
541 506 716 571 insequi
745 510 867 566 velit,
901 517 1057 557 euntes
1076 508 1193 555 fame
1223 516 1357 572 atque
1386 510 1538 571 inopia
1567 511 1780 561 debellari

392 573 711 638 posse=Que1n
723 572 899 634 signum
920 572 1128 621 daturum
1142 572 1415 632 fugientibus
1430 573 1456 620 ἶ)
1479 573 1622 630 Quem
1644 590 1775 623 ausu-

392 653 489 686 rum
511 636 769 684 Alexandro
800 636 1033 684 succedere
1053 636 1078 683 2>
1138 634 1252 692 Jam,
1274 644 1326 685 ut
1357 638 1415 685 ad
1437 636 1777 700 Hellespontum

389 703 494 762 suga
512 706 813 764 penetrarent,
844 700 1024 747 classem
1054 714 1144 761 qua
1173 706 1401 751 transeant
1420 716 1563 762 vquern
1592 717 1775 764 praepa-

389 770 590 813 raturum
605 764 631 811 Ρ
666 791 668 793 >
694 764 868 811 Rursus
899 764 948 809 in
968 764 1109 824 ipsum
1133 777 1282 823 regem
1302 765 1600 811 misericordia
1628 769 1770 822 versa,

387 828 513 875 illum
543 828 697 874 florem
722 827 950 888 juventae,
972 828 1090 873 illam
1115 827 1203 872 vim
1225 827 1371 883 animi,
1404 828 1594 875 eundem
1623 844 1774 889 regem

386 898 433 939 et
463 892 819 948 commilitonem,
853 891 1003 937 divelli
1034 905 1061 937 a
1091 905 1140 936 se
1170 896 1217 936 et
1247 891 1463 952 abrumpi,
1496 892 1771 939 immemores

388 956 458 1002 sui
486 956 801 1016 querebantur.

450 1018 556 1065 XII.
591 1018 715 1065 Inter
756 1018 866 1065 haec
909 1017 1088 1063 liberius
1132 1032 1280 1063 meare
1322 1018 1505 1079 spiritus
1535 1029 1774 1081 coeperat;

386 1083 605 1129 allevabat
634 1097 713 1128 rex
741 1082 907 1137 oculos,
939 1087 985 1128 et
1010 1080 1225 1141 paulatim
1257 1081 1473 1129 redeunte
1507 1082 1653 1129 animo
1686 1084 1771 1130 cir·

385 1150 654 1193 cumstantes
684 1146 847 1192 amicos
868 1151 1144 1205 agnoverat;
1175 1144 1411 1205 laxataque
1442 1146 1509 1192 vis
1539 1145 1681 1193 morbi
1713 1148 1772 1192 ob

384 1210 469 1256 hoc
500 1210 643 1256 solum
673 1206 920 1264 videbatur,
953 1208 1055 1269 quia
1095 1208 1448 1267 magnitudinem
1476 1210 1579 1256 mali
1609 1211 1773 1258 sentie-

385 1274 476 1320 bat.
542 1273 694 1319 Animi
726 1281 874 1319 autem
906 1272 1141 1331 aegritudo
1173 1287 1331 1332 corpus
1358 1273 1573 1332 urgebat3
1606 1274 1772 1335 quippe

387 1336 574 1383 Darium
598 1337 754 1397 quinto
770 1337 843 1382 die
862 1336 912 1382 in
945 1336 1143 1381 Ciliciam
1163 1335 1259 1380 fore
1288 1337 1583 1383 nunciabatur
1605 1355 1617 1383 ι
1651 1338 1774 1383 vino-

384 1406 479 1447 tum
511 1415 618 1459 ergo
639 1415 685 1446 se
705 1401 836 1458 tradi,
861 1406 908 1446 et
929 1405 1097 1446 tantam
1118 1399 1345 1446 victoriam
1376 1401 1489 1460 eripi
1518 1401 1602 1447 sibi
1631 1403 1774 1454 mani-

383 1465 482 1520 bus,
527 1465 799 1523 obscuraque
829 1469 876 1510 et
905 1463 1091 1523 ignobili
1122 1468 1265 1509 morte
1295 1464 1343 1508 in
1373 1465 1661 1511 tabernaculo
1690 1481 1771 1511 suo

384 1527 588 1587 extingui
619 1543 665 1574 se
686 1528 967 1587 querebatur.
1031 1526 1337 1586 Admissisque
1366 1528 1519 1573 amicis
1535 1530 1701 1588 pariter
1721 1535 1768 1575 et

382 1591 563 1637 medicis
585 1607 596 1637 t
623 1595 635 1617 ‘
653 1590 707 1635 In
737 1606 826 1651 quo
847 1590 948 1645 me,'
976 1590 1139 1650 inquit,
1162 1594 1174 1615 ‘
1197 1590 1382 1637 articulo
1403 1606 1551 1636 rerum
1571 1601 1767 1638 mearum

381 1654 560 1703 fortuna
592 1654 934 1715 deprehenderit
965 1654 1157 1700 cernitis.
1244 1654 1488 1714 Strepitum
1540 1655 1768 1702 hostilium

378 1727 599 1764 armorum
621 1719 830 1765 exaudire
850 1718 959 1763 mihi
980 1718 1160 1769 videor3
1184 1726 1230 1764 et
1261 1718 1337 1778 qui
1367 1718 1488 1764 ultro
1518 1718 1650 1765 intuli
1673 1719 1766 1765 bel-

379 1781 471 1827 lum
495 1781 592 1842 jam
622 1796 851 1842 provocor.
918 1781 1083 1827 Darius
1114 1795 1244 1840 ergo„
1269 1797 1405 1841 quum
1436 1788 1529 1828 tam
1558 1784 1768 1843 superbas

379 1845 527 1892 literas
548 1846 774 1902 scriberet,
795 1847 1020 1892 fortunam
1041 1859 1184 1891 meam
1206 1845 1253 1889 in
1272 1845 1457 1891 consilio
1472 1845 1628 1892 habuit
1651 1862 1663 1900 ;
1688 1847 1767 1892 sed

376 1908 689 1969 nequidquam,
713 1908 751 1954 si
780 1908 892 1954 mihi
912 1909 1095 1954 arbitrio
1127 1923 1226 1953 meo
1256 1909 1403 1954 curari
1431 1908 1553 1955 licet.
1618 1909 1768 1957 Lenta

376 1972 571 2018 remedia
590 1979 809 2031 etsegnes
828 1972 1022 2018 medicos
1038 1986 1131 2017 non
1146 1978 1381 2032 expectant
1401 1978 1601 2033 tempora
1632 1988 1730 2019 mea
1753 1990 1763 2019 :

376 2035 453 2082 vel·
466 2036 580 2082 mori
609 2041 796 2083 strenue‘
818 2051 951 2096 quam
980 2036 1108 2082 tarde
1140 2035 1443 2082 convalescere
1472 2036 1579 2082 mihi
1609 2037 1766 2083 melius

378 2104 445 2146 est
466 2115 478 2154 ;
512 2099 712 2160 proinde,
740 2100 776 2144 si
804 2099 916 2160 quid
936 2100 1043 2159 opis,
1066 2099 1103 2144 si
1124 2099 1234 2158 quid
1255 2099 1362 2146 artis
1391 2099 1442 2145 in
1471 2100 1651 2146 medicis
1682 2108 1762 2157 est,

377 2163 518 2210 sciant
538 2178 609 2209 me
638 2178 729 2208 non
761 2169 852 2210 tam
872 2163 1026 2209 mortis
1058 2177 1191 2223 quam
1222 2163 1326 2208 belli
1354 2163 1598 2209 remedium
1630 2179 1765 2223 quae-

377 2225 503 2273 rere.’
566 2226 800 2286 Ingentem
822 2227 1026 2272 omnibus
1057 2228 1302 2274 incusserat
1334 2241 1486 2272 curam
1518 2232 1608 2272 tam
1636 2242 1763 2286 prae-

377 2305 477 2351 ceps
514 2290 740 2337 temeritas
781 2290 891 2351 ejus.
978 2290 1114 2349 Ergo,
1153 2302 1235 2350 pro
1277 2305 1323 2336 se
1353 2290 1552 2351 quisque,
1593 2293 1762 2351 precari

377 2368 570 2415 coepere,
593 2369 651 2399 ne
668 2354 954 2401 festinatione
972 2353 1214 2414 periculum
1237 2359 1429 2412 augeret,
1463 2354 1541 2399 sed
1569 2362 1686 2401 esset
1716 2355 1764 2401 in

376 2424 595 2477 potestate
623 2418 898 2465 medentium
920 2434 931 2464 ι
964 2418 1196 2478 inexperta
1226 2417 1420 2463 remedia
1448 2416 1567 2463 haud
1597 2417 1761 2477 injuria

376 2482 481 2541 ipsis
511 2496 606 2527 esse
636 2487 852 2542 suspecta,
897 2496 1032 2542 quum
1074 2481 1134 2527 ad
1162 2481 1399 2541 perniciem
1431 2480 1526 2541 ejus
1556 2483 1691 2528 etiam
1735 2499 1761 2528 a

377 2545 515 2592 latere
544 2544 681 2604 ipsius
710 2544 898 2605 pecunia
928 2546 1168 2592 solicitaret
1198 2545 1350 2601 hostis,
1387 2543 1569 2606 (quippe
1590 2546 1760 2592 Darius

376 2608 496 2654 mille
515 2608 683 2658 talenta
702 2609 973 2656 interfectori
1003 2609 1250 2655 Alexandri
1270 2610 1481 2656 daturum
1501 2623 1548 2655 se
1561 2624 1762 2670 pronun-

377 2672 482 2718 ciari
505 2671 698 2732 jusserat
714 2671 746 2732 τ)
778 2674 930 2732 itaque
959 2688 1016 2719 ne
1046 2688 1256 2719 ausurum
1287 2673 1468 2733 quidem
1498 2687 1760 2732 quemquam

379 2733 751 2798 [arbitrabantur]
785 2737 974 2796 experiri
1001 2737 1257 2794 remedium,
1289 2736 1412 2798 quod
1432 2743 1612 2797 propter
1633 2739 1758 2783 novi—

377 2804 513 2846 tatem
528 2804 678 2859 posset
698 2814 792 2847 esse
807 2806 1077 2859 suspectum.

435 2862 567 2909 XIII.
600 2862 643 2910 6.
679 2862 789 2911 Erat
818 2864 938 2910 inter
986 2863 1169 2922 nobiles
1195 2864 1388 2911 medicos
1431 2880 1457 2910 e
1500 2865 1760 2912 Maeedonia

373 2938 521 2987 regem
553 2931 764 2987 sequutus
795 2927 1039 2988 Philippus,
1073 2927 1254 2975 natione
1267 2956 1269 2960 s
1284 2930 1509 2984 Acarnan,
1530 2929 1647 2974 fidus
1676 2930 1756 2975 ad·-

375 2990 553 3037 modum
570 2991 666 3052 regi
680 3006 846 3053 :puero
867 3006 1011 3039 comes
1026 2998 1074 3040 et
1089 2998 1239 3040 custos
1258 2992 1414 3041 salutis
1431 2992 1573 3052 datus,
1592 3008 1688 3041 non*
1707 3000 1758 3039 ut
