2208 3424
446 301 505 346 4ss
856 302 1047 350 LIBER.
1081 302 1402 359 QUARTUS.

445 430 545 476 dem
569 430 785 476 excidium
816 430 1000 489 augurio
1022 430 1098 476 illo
1129 432 1368 491 portendi;
1400 436 1608 486 ceterum,
1643 431 1814 492 perieu-

444 493 534 539 lum
557 507 660 547 esse,
696 507 752 538 ne
783 507 860 539 rex
893 493 1050 538 vulnus
1082 495 1323 556 acciperet:
1359 497 1507 556 itaque
1539 495 1722 550 monuit,
1757 511 1812 541 ne

439 554 549 615 quid
581 571 633 601 eo
664 557 737 602 die
769 557 994 616 inciperet.
1077 556 1155 603 Ille
1196 574 1458 619 quamquam
1499 572 1631 604 unam
1662 559 1812 604 urbem

441 617 536 673 sibi,
571 635 657 679 quo
699 620 844 666 niinus
886 634 1063 665 securus
1111 623 1365 682 Aegyptum
1403 623 1603 677 intraret,
1638 622 1814 669 obstare

439 695 570 741 aegre
600 683 780 739 ferebat,
813 690 961 730 tamen
998 685 1145 743 paruit
1183 686 1288 739 vati,
1320 685 1581 745 signumque
1611 684 1809 745 receptui

435 745 574 792 dedit.

502 808 648 855 XXV.
683 810 803 855 Hine
825 810 997 857 animus
1029 812 1166 857 crevit
1188 811 1385 866 obsessis,
1419 812 1667 871 egressique
1688 818 1815 872 porta

437 873 741 918 recedentibus
760 873 951 921 inferunt
973 874 1098 933 signu
1122 890 1131 926 ;
1163 875 1486 920 cunctationem
1505 874 1699 922 hostium
1721 875 1813 920 fore

436 950 557 980 suam
591 938 859 982 occasionem
902 938 1002 984 rati.
1070 939 1158 983 Sed
1199 938 1341 982 aerius
1372 953 1503 998 quam
1536 938 1809 985 constantius

438 999 646 1056 praelium
679 1000 908 1045 inierunt:
944 1001 1117 1061 quippe,
1152 1008 1200 1047 ut
1234 1001 1524 1046 Macedonum
1558 1002 1678 1059 signa
1721 1001 1805 1047 cir-

435 1063 608 1122 cumagi
642 1064 802 1116 videre,
837 1072 1016 1123 repente
1048 1065 1210 1111 sistunt
1253 1064 1454 1123 gradum.
1538 1063 1725 1124 Jamque
1758 1064 1812 1107 nd

438 1141 584 1184 regem
617 1126 920 1186 praeliantium
954 1128 1115 1173 elamor
1138 1134 1409 1188 pervenerat,
1443 1142 1579 1188 quum
1601 1127 1813 1173 denunci-

438 1190 498 1235 ati
520 1190 701 1249 periculi
719 1191 835 1235 haud
860 1205 965 1236 sane
986 1206 1164 1244 memor,
1183 1191 1360 1236 loricam
1385 1197 1546 1245 tamen,
1564 1206 1694 1250 quam
1718 1205 1816 1235 raro

439 1253 662 1308 induebat,
698 1254 844 1298 amieis
877 1254 1104 1300 orantibus
1135 1255 1334 1314 sumpsit,
1356 1261 1399 1301 et
1432 1255 1488 1300 ad
1514 1255 1653 1314 prima
1684 1255 1811 1312 signa

438 1317 649 1374 pervenit.
738 1318 841 1371 Quo
875 1328 1109 1377 conspecto
1144 1319 1285 1363 Arabs
1318 1318 1495 1377 quidam
1532 1318 1657 1362 Darii
1693 1317 1814 1363 miles

437 1379 574 1438 majus
595 1380 772 1426 fortuna
793 1396 871 1425 sua
891 1381 1059 1426 facinus
1082 1397 1225 1433 ausus,
1251 1382 1404 1441 clypeo
1426 1381 1623 1439 gladium
1646 1388 1818 1439 tegens,

436 1443 558 1501 quasi
582 1444 809 1502 transfuga
830 1444 1016 1502 genibus
1039 1445 1155 1503 regis
1177 1445 1425 1491 advolvitur
1449 1460 1459 1490 z
1494 1443 1568 1488 ille
1591 1458 1820 1500 assurgere

437 1506 689 1566 supplicem,
722 1506 943 1567 recipique
964 1508 1079 1554 inter
1112 1523 1211 1553 suos
1235 1508 1381 1566 jussit.
1450 1508 1514 1553 At
1535 1506 1684 1566 gladio
1719 1508 1818 1552 bar-

437 1570 569 1614 barus
612 1579 791 1616 strenue
824 1571 867 1615 in
900 1571 1104 1617 dextram
1140 1567 1365 1623 translato,
1400 1571 1613 1616 cervicem
1645 1570 1814 1630 appetit

435 1634 552 1692 regis
574 1650 582 1679 ε
618 1635 706 1693 qui,
742 1635 902 1693 exigua
924 1636 1117 1693 corporis
1138 1635 1432 1680 declinatione
1454 1633 1619 1679 evitato
1641 1634 1731 1679 ictu
1773 1651 1817 1677 ,ιι

435 1710 597 1741 vanum
630 1712 805 1742 manum
839 1698 1012 1742 barbari
1042 1698 1207 1758 lapsam
1242 1704 1439 1756 amputat
1461 1697 1626 1756 gladio,
1651 1697 1820 1741 denun-

435 1759 552 1806 ciato
585 1761 629 1805 in
661 1760 787 1805 illum
811 1761 926 1805 diem
961 1761 1170 1821 periculo,
1206 1768 1256 1807 ut
1289 1761 1584 1807 arbitrabatur
1611 1761 1716 1820 ipse,
1742 1760 1817 1805 ‹le-

437 1823 626 1870 t'unctus.
693 1824 796 1877 Sed,
821 1830 871 1869 ut
889 1824 1057 1883 opinor,
1082 1824 1336 1870 inevitabile
1354 1833 1419 1870 est
1441 1824 1608 1875 fatumz
1634 1824 1811 1882 quippe,

436 1886 542 1931 dum
564 1887 680 1933 inter
704 1887 915 1947 primores
937 1888 1181 1947 promptius
1202 1887 1394 1941 dimicat,
1411 1887 1574 1945 sagitta
1590 1886 1704 1933 ictus
1722 1893 1787 1932 est
1808 1903 1818 1933 ι

436 1965 566 2009 quam
588 1965 665 2010 per
685 1950 859 1996 loricam
884 1950 1098 2004 adactam,
1135 1958 1323 1997 stantem
1346 1951 1390 1994 in
1414 1950 1596 1995 humero
1626 1950 1820 1995 medicus

438 2013 532 2071 ejus
549 2013 777 2074 Philippus
793 2013 955 2059 evellit.
1021 2013 1241 2059 Plurimus
1258 2013 1418 2059 deinde
1439 2013 1620 2072 sanguis
1642 2027 1819 2058 manare

437 2077 612 2136 coepit;
644 2077 847 2122 omnibus
869 2076 1047 2131 territis,
1072 2077 1175 2137 quia
1206 2091 1430 2135 nunquam
1463 2082 1554 2123 tam
1577 2076 1665 2121 alte
1687 2090 1818 2135 pene-

438 2148 576 2186 trasse
619 2140 768 2195 telum,
808 2140 944 2185 lorica
985 2141 1202 2193 obstante,
1237 2146 1550 2198 cognoverant.
1618 2140 1729 2198 Ipse,
1765 2154 1820 2184 ne

440 2203 527 2248 oris
549 2204 725 2263 quidem
747 2204 893 2248 colore
916 2210 1099 2259 mutato,
1134 2204 1344 2263 supprimi
1374 2203 1632 2262 sanguinem
1656 2209 1701 2247 et
1721 2202 1818 2247 vul-

437 2283 521 2312 nus
548 2268 733 2326 obligari
748 2266 894 2326 jussit.
963 2267 1053 2312 Diu
1077 2274 1182 2313 ante
1198 2267 1291 2326 ipsa
1305 2267 1442 2324 signa,
1463 2267 1530 2311 vel
1548 2265 1820 2311 dissimulato

439 2331 509 2375 vel
531 2332 647 2377 vieto
664 2331 829 2385 dolore,
844 2331 1118 2391 perstiterat;
1144 2345 1278 2390 quum
1301 2345 1554 2389 suppressus
1569 2328 1700 2389 paulo
1716 2336 1820 2375 ante

438 2395 618 2453 sanguis
649 2394 970 2440 medicamento
1000 2409 1178 2439 manare
1208 2394 1340 2439 latius
1372 2393 1550 2453 coepit:
1586 2398 1631 2438 et
1662 2393 1820 2437 vulnus

443 2459 559 2516 quod
581 2473 729 2503 reeens
763 2458 907 2503 adhue
929 2457 1124 2503 dolorem
1157 2472 1245 2502 non
1279 2463 1487 2512 moverat,
1511 2456 1701 2515 frigente
1723 2470 1822 2501 san-

440 2522 589 2578 guine,
612 2522 836 2567 intumuit.
904 2521 1066 2579 Linqui
1087 2520 1248 2566 deinde
1264 2520 1409 2566 animo
1423 2527 1468 2566 et
1482 2518 1682 2565 submitti
1704 2533 1822 2578 genu

444 2585 615 2643 eoepit;
650 2599 778 2643 quem
800 2584 989 2644 proximi
1008 2591 1239 2644 exceptum
1271 2585 1318 2628 in
1351 2590 1493 2628 eastra
1523 2588 1818 2642 receperunt:

440 2654 489 2693 et
515 2648 649 2700 Betis,
668 2648 946 2694 intersectum
963 2653 1097 2702 ratus,
1116 2649 1268 2692 urbem
1293 2662 1425 2692 ovans
1447 2645 1631 2692 victoria
1647 2645 1823 2705 repetit.

508 2710 675 2757 XXVI.
712 2711 778 2757 At
810 2710 1076 2765 Alexander,
1116 2711 1314 2755 nondum
1356 2716 1587 2770 percurato
1626 2709 1820 2764 vulnere,

442 2789 665 2833 aggerem,
687 2790 776 2835 quo
800 2774 1018 2819 moenium
1040 2774 1320 2820 altitudinem
1342 2780 1562 2832 aequaret,
1578 2772 1793 2831 exstruxit
1811 2789 1822 2824 ;

446 2844 496 2883 et
517 2839 714 2898 pluribus
736 2838 951 2883 cuniculis
971 2852 1118 2883 muros
1138 2838 1289 2882 subrui
1309 2837 1455 2896 jussit.
1522 2832 1745 2895 Oppidani
1766 2836 1823 2880 ad

450 2901 681 2961 pristinum
702 2901 926 2960 fastigium
960 2902 1180 2946 moenium
1201 2916 1366 2946 novum
1396 2905 1651 2946 exstruxere
1678 2899 1826 2955 ⁴muni-

450 2971 675 3019 mentum3
721 2962 799 3012 sed
847 2979 904 3009 ne
949 2964 995 3009 id
1037 2965 1215 3024 quidem
1246 2970 1391 3012 turres
1423 2963 1574 3023 aggeri
1604 2962 1828 3022 impositas
