2208 3424
415 273 476 318 42
787 243 798 254 ’
828 271 1019 319 masa
1053 253 1374 329 QUARTUS.

416 399 598 448 istimari
622 403 775 458 potest,
801 401 914 458 quod
948 399 1062 446 intra
1094 400 1365 446 munimenta
1395 396 1515 444 urbis
1547 413 1622 444 sex
1650 398 1786 446 millia

410 469 677 509 armatorum
709 463 929 515 trucidata
951 468 1066 508 sunt.
1132 462 1278 509 Triste
1298 461 1458 507 deinde
1489 463 1784 522 spectaculum

415 525 652 573 victoribus
668 525 730 570 ira
751 527 952 584 praebuit
968 525 1083 585 regis
1105 541 1117 571 t
1153 525 1242 571 duo
1271 525 1419 579 millia,
1443 525 1488 570 in
1521 526 1679 585 quibus
1712 542 1783 571 oc-

414 588 589 635 cidendi
633 587 849 635 defecerat
895 589 1048 642 rabies,
1094 589 1291 634 crucibus
1334 588 1465 643 affixi,
1508 603 1585 648 per
1627 590 1784 649 ingens

415 650 551 699 litoris
586 647 775 711 ‘spatium
806 653 1119 712 pependerunt.
1190 651 1597 710 Carthaginensium
1629 652 1786 711 legatis

414 714 624 776 pepercit,
655 715 803 770 addita
825 715 1161 762 denunciatione
1193 714 1307 770 belli,
1341 715 1458 774 quod
1490 717 1784 774 praesentium

413 791 559 824 rerum
579 779 812 838 necessitas
835 785 1088 825 moraretur.

478 841 606 888 XIX.
643 842 784 902 Tyrus
807 843 992 901 septimo
1013 857 1160 888 mense
1191 856 1318 901 quam
1353 842 1598 900 oppugnari
1631 847 1782 901 coepta

416 910 510 952 erat
541 911 669 964 capta
700 912 793 958 est3
830 907 945 962 urbs,
980 912 1025 951 et
1067 910 1285 952 vetustate
1325 905 1520 963 originis,
1557 911 1602 950 ct
1633 905 1786 951 crebra

415 971 618 1014 fortmme
661 966 870 1015 varietate
912 969 966 1014 ad
1005 969 1253 1013 memoriam
1287 968 1555 1027 posteritatis
1587 968 1811 1027 insignis„

404 1032 610 1078 Condita
633 1032 688 1076 ab
709 1032 927 1091 Agenore,
949 1032 1026 1076 diu
1048 1047 1179 1085 marc,
1203 1046 1288 1077 non
1320 1031 1509 1076 vicinum
1543 1030 1686 1085 1n0d0‚
1712 1032 1789 1076 scd

416 1096 721 1155 quodcumque
751 1095 907 1141 classes
939 1095 1033 1154 ejus
1064 1095 1282 1148 adierunt,
1304 1093 1484 1140 ditionis
1516 1109 1620 1139 suae
1648 1093 1753 1140 fecit
1775 1109 1787 1149 3

405 1165 477 1215 et,
500 1158 533 1203 si
556 1159 696 1204 famae
725 1158 834 1204 libet
865 1160 1055 1215 credere,
1086 1159 1194 1204 haec
1224 1172 1331 1217 gens
1363 1158 1511 1203 literas
1543 1158 1682 1217 prima
1714 1163 1791 1203 aut

418 1221 581 1277 docuit,
601 1227 678 1268 aut
694 1222 861 1268 didicit.
927 1221 1138 1267 coioniae
1158 1228 1275 1267 certe
1292 1221 1385 1280 ejus
1407 1236 1545 1280 paene
1566 1222 1673 1267 orbe
1694 1227 1791 1267 toto

417 1285 601 1331 diffusae
623 1291 750 1338 sunt;
787 1284 1013 1345 Carthago
1044 1286 1088 1330 in
1123 1285 1283 1340 Africa,
1317 1286 1365 1330 in
1388 1284 1572 1331 Boeotia
1595 1284 1788 1338 Thebae,

421 1349 569 1395 Gades
604 1349 662 1394 ad
695 1348 932 1394 Oceanum.
1001 1349 1145 1394 Credo
1176 1349 1313 1394 libero
1344 1352 1635 1399 commeantes
1666 1350 1790 1403 mari,

419 1412 677 1473 saepiusque
707 1412 910 1458 adeundo
957 1413 1109 1459 ceteris
1162 1412 1408 1471 incognitas
1444 1417 1596 1466 terras,
1631 1412 1793 1469 elegise

418 1476 542 1523 sedes
556 1476 780 1535 juventuti
802 1492 888 1536 qua
909 1483 1017 1523 tunc
1048 1476 1329 1522 abundabant
1354 1491 1364 1521 ε
1399 1490 1474 1520 seu
1506 1475 1609 1535 quia
1629 1476 1792 1521 crebris

419 1540 609 1585 motibus
631 1544 783 1594 terrae,
808 1554 907 1584 nam
941 1540 1025 1584 hoc
1046 1555 1219 1600 quoque
1250 1540 1453 1594 traditur,
1476 1540 1666 1584 cultores
1699 1539 1793 1598 ejus

419 1603 605 1662 fatigati,
629 1617 742 1647 nova
772 1609 819 1650 et
849 1611 1032 1650 externa
1062 1604 1280 1649 domicilia
1311 1603 1442 1648 armis
1464 1602 1636 1648 sibimet
1657 1618 1791 1662 quac-

419 1681 516 1712 rere
537 1667 822 1725 cogebantur.
888 1667 1042 1712 Multis
1063 1682 1169 1726 ergo
1190 1666 1358 1712 casibus
1384 1666 1604 1721 defuncta,
1626 1673 1671 1712 et
1691 1673 1793 1727 post

420 1729 639 1775 excidium
662 1737 826 1785 renata,
850 1745 967 1775 nunc
988 1731 1165 1776 tandem
1197 1731 1327 1788 longa
1360 1745 1467 1789 pace
1498 1735 1657 1776 cuncta
1677 1731 1790 1775 refo-

422 1800 566 1849 vente,
589 1794 673 1838 sub
692 1795 832 1839 tutela
855 1793 1082 1839 Romanae
1103 1793 1449 1840 mansuetudinis
1470 1793 1726 1852 adquiescit.

485 1856 584 1903 XX.
610 1857 653 1901 5.
678 1856 836 1902 lisdem
858 1857 991 1902 ferme
1013 1856 1167 1903 dicbus
1185 1857 1309 1903 Darii
1330 1857 1484 1903 literae
1499 1856 1655 1903 allatae
1671 1863 1789 1914 sunt,

421 1920 600 1967 tandem
622 1925 674 1966 ut
694 1920 785 1978 regi
808 1920 1007 1981 scriptae.
1072 1920 1257 1967 Petebat
1288 1921 1353 1966 uti
1382 1920 1512 1965 filiam
1537 1935 1671 1978 suam,
1693 1922 1792 1968 Sta-

421 1984 532 2030 tirae
562 1988 658 2030 erat
688 1998 860 2038 nomen,
904 1984 1069 2043 nuptiis
1099 1985 1351 2030 Alexander
1395 1984 1475 2029 sibi
1514 1983 1789 2044 adjungeret.

423 2047 588 2094 Dotem
619 2047 711 2091 fore
741 2062 915 2092 omnem
956 2048 1178 2105 regionem
1222 2049 1337 2094 inter
1375 2046 1714 2107 Hellespontum
1746 2056 1792 2096 et

423 2110 573 2171 Halyn
597 2126 764 2155 amnem
788 2110 914 2156 sitam
934 2125 945 2157 :
969 2110 1073 2155 inde
1091 2111 1317 2157 Orientem
1341 2112 1647 2170 spectantibus
1661 2114 1791 2158 terris
1825 2130 1835 2143 ⁸

422 2180 681 2221 contentum
704 2189 749 2219 se
768 2174 875 2219 fore.
942 2174 987 2218 Si
1011 2174 1123 2221 forte
1155 2174 1378 2221 dubitaret
1411 2175 1529 2233 quod
1562 2176 1791 2235 offerretur

422 2237 624 2297 accipere
646 2252 657 2291 ;
692 2252 914 2296 nunquam
937 2237 1014 2282 diu
1037 2238 1187 2283 eodem
1210 2239 1396 2296 vestigio
1416 2247 1532 2284 stare
1553 2239 1788 2296 fortunam,

422 2315 678 2361 semperque
699 2300 894 2346 homines
915 2306 1295 2362 quantancumque
1311 2302 1564 2347 felicitatem
1585 2302 1789 2358 habeant,

422 2364 631 2410 invidiam
652 2369 797 2410 tamen
819 2366 982 2411 sentire
1014 2364 1233 2424 majorem.
1299 2365 1467 2420 Vereri,
1492 2380 1548 2410 ne
1580 2380 1626 2410 se
1647 2366 1788 2412 avium

424 2428 567 2479 modo,
591 2442 699 2488 quas
720 2428 931 2474 naturalis
960 2428 1114 2474 levitas
1136 2435 1287 2486 ageret
1318 2430 1375 2474 ad
1409 2429 1564 2483 sidera,
1600 2430 1719 2475 inani
1741 2446 1789 2477 ac

422 2491 579 2551 puerili
610 2491 768 2537 mentis
808 2491 966 2538 affectu
1008 2492 1210 2538 efferret:
1256 2493 1379 2537 Nihil
1423 2493 1643 2537 difficilius
1681 2510 1786 2552 esse,

425 2569 553 2615 quam
575 2555 620 2599 in
644 2555 716 2599 illa
735 2560 879 2601 aetate
909 2560 1076 2602 tantam
1098 2571 1252 2616 capere
1276 2557 1523 2602 fortunam:
1559 2557 1724 2603 Multas
1744 2575 1790 2605 se

429 2618 573 2663 adhuc
604 2618 805 2677 reliquias
837 2619 1010 2674 habere,
1034 2634 1114 2664 nec
1146 2634 1314 2680 semper
1344 2621 1391 2664 in
1424 2620 1636 2679 angustiis
1666 2633 1790 2680 posse

427 2681 722 2741 deprehendi:
756 2682 1070 2727 transeundum
1103 2698 1197 2728 esse
1227 2683 1482 2729 Alexandro
1517 2684 1785 2743 Euphraten,

429 2745 674 2804 Tigrinque
694 2750 737 2791 et
766 2745 958 2801 Araxen,
982 2752 1029 2792 et
1051 2745 1305 2806 Hydaspen,
1329 2762 1491 2806 magna
1522 2748 1790 2798 munimenta

424 2809 550 2867 regni
582 2807 678 2854 sui:
732 2809 992 2854 veniendum
1025 2808 1071 2853 in
1112 2825 1298 2870 campos,
1332 2811 1409 2856 ubi
1439 2812 1659 2870 paucitate
1691 2829 1786 2862 suc-

424 2887 522 2917 rum
554 2872 896 2918 crubescendum
928 2873 1019 2918 sit:
1053 2872 1259 2929 Mediam,
1294 2873 1578 2934 Hyrcaniam,
1615 2874 1784 2936 Bactra,

423 2942 468 2982 et
500 2935 634 2982 Indos
680 2935 842 2983 Oceani
887 2935 1058 2983 accolas
1087 2938 1264 2996 quando
1295 2938 1516 2985 aditurum
1534 2939 1558 2985 P
1589 2954 1645 2986 ne
1678 2942 1789 3009 Sogn
