2208 3424
470 316 531 363 50
825 312 1051 369 QUINTI
1084 312 1308 361 CURTII
1340 312 1494 361 RUFI

470 441 789 504 pendentibus3
833 446 1073 500 sequuntur
1116 447 1344 488 matronae
1384 441 1668 502 virginesque
1704 441 1851 503 patrio

471 521 593 552 more
612 504 886 551 inconditum
909 504 1132 565 quoddam
1154 520 1330 551 carmen
1352 511 1573 561 canentes,
1590 521 1678 566 quo
1700 506 1848 567 propi-

471 570 572 617 tiari
592 569 749 615 Jovem
774 569 975 623 credunt,
998 575 1050 615 ut
1065 574 1235 615 certum
1257 569 1362 615 edat
1382 569 1620 615 oraculum.

534 632 704 678 XXXI.
738 632 804 678 At
834 637 931 678 tum
974 632 1152 692 quidem
1193 647 1341 691 regem
1386 633 1564 692 propius
1606 632 1844 679 adeuntem

471 696 690 742 maximus
711 702 821 742 natu
837 711 861 741 e
877 696 1175 742 sacerdotibus
1180 695 1329 757 filium
1350 697 1541 755 appellat
1556 713 1567 751 ;
1589 696 1672 742 hoc
1688 710 1847 741 nomen

470 760 534 805 illi
554 765 781 820 parentem
814 759 971 805 Jovem
993 759 1190 814 reddere,
1224 759 1461 805 affirmans.
1527 761 1619 815 Ille,
1654 774 1701 806 se
1730 774 1849 814 vero,

474 824 549 880 ait,
584 829 630 870 et
670 823 865 883 accipere
896 828 942 869 et
974 838 1224 882 agnoscere,
1258 823 1476 869 humanae
1516 825 1644 870 sortis
1675 823 1850 876 oblitus.

476 887 711 934 Consuluit
733 886 905 941 deinde,
925 901 982 931 an
999 887 1135 933 totius
1152 887 1270 932 orbis
1287 886 1516 946 imperium
1536 888 1637 934 fatis
1659 887 1740 932 sibi
1755 886 1851 931 des-

474 952 638 997 tinaret
657 956 795 1011 pater.
860 950 1010 1005 VateS,
1029 964 1166 1008 aeque
1185 950 1231 994 in
1254 950 1550 995 adulationem
1571 951 1851 1010 compositus.

472 1021 690 1060 ‘terrarum
732 1014 925 1058 omnium
959 1020 1174 1060 rectorem
1204 1013 1299 1058 fore
1331 1014 1539 1060 ostendit.
1605 1014 1712 1059 Post
1745 1001 1862 1059 haec⁰

474 1078 637 1124 institit
676 1092 897 1136 quaerere,
941 1092 998 1122 an
1028 1092 1180 1122 omnes
1221 1077 1416 1137 parentis
1446 1078 1514 1123 sui
1555 1076 1855 1124 interfectores

477 1157 639 1202 poenas
670 1141 906 1187 dedissent.
975 1141 1184 1186 Sacerdos
1205 1148 1431 1201 parentem
1454 1141 1549 1201 ejus
1569 1147 1705 1200 negat
1726 1140 1855 1185 ullius

479 1205 640 1251 scelere
660 1220 787 1265 posse
808 1204 986 1258 violari;
1012 1205 1203 1265 Philippi
1220 1210 1366 1251 autem
1384 1220 1534 1251 omnes
1554 1205 1854 1251 interfectores

479 1269 611 1314 luisse
630 1268 852 1328 supplicia.
918 1268 1110 1327 Adjecit‚
1134 1268 1348 1314 invictum
1380 1270 1486 1329 fore,
1511 1269 1651 1314 donec
1673 1268 1856 1313 excede·

480 1341 549 1379 ret
571 1333 629 1377 ad
645 1333 762 1377 deos.
830 1332 1049 1377 Sacrificio
1081 1332 1243 1377 deinde
1263 1332 1394 1388 facto,
1418 1333 1537 1378 dona
1557 1339 1601 1378 et
1622 1332 1858 1377 sacerdoti-

479 1398 561 1441 bus
584 1402 629 1441 et
650 1396 732 1440 deo
755 1396 860 1441 data
881 1403 999 1451 sunt,
1021 1396 1366 1456 permissumque
1387 1397 1548 1451 amicis,
1572 1402 1622 1442 ut
1643 1396 1726 1456 ipsi
1749 1411 1857 1455 quo-

486 1475 570 1518 que
612 1460 887 1505 consulerent
917 1460 1089 1505 Jovem.
1171 1460 1296 1504 Nihil
1339 1460 1523 1519 amplius
1565 1459 1858 1519 quaesierunt,

484 1538 627 1582 quam,
646 1538 699 1568 an
718 1530 873 1569 auctor
887 1530 1002 1570 esset
1018 1524 1098 1569 sibi
1113 1523 1273 1568 divinis
1290 1523 1530 1568 honori-bus
1547 1523 1719 1569 colendi
1736 1537 1858 1568 suum

481 1601 645 1646 regem.
679 1586 781 1632 Hoc
799 1601 968 1645 quoque
989 1593 1213 1646 acceptum
1237 1588 1331 1632 fore
1346 1588 1376 1632 J
1379 1587 1461 1641 ovi,
1481 1597 1602 1633 vates
1617 1586 1860 1645 respondit.

483 1651 602 1696 Vere
624 1655 668 1696 et
684 1651 915 1696 salubriter
928 1651 1177 1696 aestimanti
1197 1651 1330 1695 fidem
1352 1651 1515 1696 oraculi
1537 1666 1649 1695 vana
1664 1650 1861 1710 profecto

483 1728 691 1773 responsa
718 1714 857 1774 ¹videri
887 1715 1166 1774 potuissent3
1201 1714 1279 1759 sed
1310 1714 1500 1771 fortuna,
1534 1728 1640 1773 quos
1671 1714 1750 1758 uni
1781 1714 1861 1758 sibi

486 1778 665 1823 credere
695 1779 854 1835 coegit,
898 1793 1059 1837 magna
1089 1794 1143 1823 ex
1176 1786 1302 1838 parte
1334 1778 1484 1824 avidos
1526 1779 1692 1837 gloriae
1712 1778 1861 1837 'magis

486 1856 613 1899 quam
648 1856 827 1900 capaces
852 1842 972 1887 facit.
1036 1841 1158 1888 Jovis
1189 1842 1327 1900 igitur
1358 1842 1494 1886 filium
1528 1857 1574 1887 se
1604 1857 1693 1887 non
1726 1842 1862 1887 solum

487 1904 694 1965 appellari
726 1919 876 1964 passus
907 1911 988 1960 est,
1022 1906 1097 1950 sed
1131 1906 1262 1951 etiam
1297 1905 1455 1963 jussit;
1491 1920 1724 1965 rerumque
1765 1920 1863 1963 ges-

485 1975 629 2014 tarum
661 1969 834 2022 famam,
859 1968 964 2012 dum
998 1984 1159 2026 augere
1189 1969 1297 2022 vult,
1333 1969 1410 2014 tali
1442 1969 1734 2029 appellatione
1766 1984 1860 2013 cor-

487 2032 664 2091 rumpit.
731 2032 791 2077 Et
825 2032 1100 2087 Macedones,
1136 2033 1296 2078 assueti
1318 2032 1492 2091 quidem
1516 2033 1637 2093 regio
1667 2033 1865 2092 imperio,

491 2096 568 2141 sed
591 2096 753 2154 majore
786 2096 1002 2141 libertatis
1034 2097 1189 2141 umbra
1220 2111 1350 2155 quam
1384 2101 1556 2142 ceterae
1585 2102 1755 2155 gentes,
1787 2097 1865 2140 im-

490 2159 802 2204 mortalitatem
837 2160 1110 2205 affectantem
1145 2160 1444 2205 contumacius
1483 2175 1611 2219 quam
1646 2166 1721 2206 aut
1764 2160 1867 2219 ipsis

489 2222 749 2282 expediebat
795 2234 870 2267 aut
923 2224 1031 2281 regi,
1080 2225 1267 2269 aversati
1316 2229 1432 2267 sunt.
1499 2224 1587 2269 Sed
1631 2222 1737 2268 haec
1789 2239 1867 2267 suo

489 2300 697 2345 quaeque.
724 2287 910 2345 tempori
965 2295 1274 2338 reserventur;
1332 2301 1448 2330 nunc
1500 2294 1644 2332 cetera
1692 2288 1866 2345 exsequi

489 2365 683 2410 pergam.

553 2413 743 2459 XXXII.
781 2414 825 2458 8.
857 2414 1110 2460 Alexander
1142 2417 1198 2460 ab
1229 2415 1480 2460 Hammone
1511 2415 1698 2470 rediens,
1734 2421 1783 2460 ut
1820 2413 1864 2474 [a

494 2477 624 2538 mari]
661 2478 716 2522 ad
739 2477 971 2523 Mareotim
994 2480 1213 2539 paludem,
1237 2480 1354 2524 haud
1386 2480 1538 2540 procul
1561 2479 1703 2525 insula
1726 2479 1868 2524 Pharo

495 2544 636 2595 sitam,
655 2541 800 2593 venit3
820 2544 1136 2602 contemplatus
1158 2543 1242 2588 loci
1262 2549 1479 2599 naturam,
1495 2543 1684 2603 primum
1708 2544 1755 2587 in
1777 2545 1869 2602 ipsa

496 2605 637 2651 insula
658 2610 869 2651 statuerat
891 2608 1043 2651 urbem
1066 2622 1223 2652 novam
1246 2608 1450 2653 condere.
1519 2608 1641 2662 Inde,
1667 2614 1718 2653 ut
1740 2622 1869 2668 appa-

496 2671 581 2715 ruit
613 2683 798 2727 magnae
829 2669 941 2714 sedis
972 2671 1157 2715 insulam
1192 2672 1310 2716 haud
1345 2686 1560 2731 capacem,
1596 2671 1730 2730 elegit
1773 2672 1866 2716 urbi

496 2736 638 2778 locum
660 2733 733 2777 ubi
767 2748 884 2777 nunc
915 2741 981 2780 est
1013 2736 1295 2789 Alexandria,
1327 2735 1662 2795 appellationem
1694 2735 1872 2781 trahens

497 2814 550 2842 ex
573 2797 749 2840 nomine
772 2798 977 2842 auctoris.
1046 2799 1309 2857 Complexus
1332 2799 1545 2857 quidquid
1566 2799 1650 2844 loci
1671 2807 1738 2844 est
1758 2799 1873 2845 inter

497 2861 699 2921 paludem
731 2866 776 2905 ct
810 2876 939 2916 mare,
974 2863 1199 2920 octoginta
1231 2864 1471 2908 stadiorum
1494 2863 1630 2908 muris
1662 2864 1871 2910 ambitum

499 2924 715 2976 destinam
752 2930 797 2969 et
831 2925 903 2982 qui
923 2927 1274 2971 exaedificandae
1296 2928 1394 2972 urbi
1426 2932 1674 2987 praeessent
1695 2927 1869 2972 relictis

498 2988 734 3047 Memphim
754 2989 878 3047 petit.
948 2990 1132 3049 Cupido,
1152 2991 1269 3036 haud
1295 2991 1456 3049 injusta
1478 2991 1868 3048 quidemsseterum

2085 1563 2092 1573 »ν
2070 1343 2099 1558 ff-”Qm-‹af
2074 1255 2098 1337 ‘seg-'rw
2073 1037 2096 1246 2..-.1222·<.zx⁴-„³2.†³;=1;{·÷.
2073 1016 2095 1030 ,σε
2074 997 2095 1011 -;;
2085 984 2093 992 ,
2080 934 2096 977 τ-ῑ-ι«
