2200 3408
387 293 446 342 18
729 291 957 350 QUINTI
990 290 1212 340 cumn
1246 290 1416 340 Ruri.

388 424 596 481 guserat,
621 420 863 474 verebatur,
897 432 979 465 nec
1008 418 1182 478 injuria,
1215 433 1271 466 ex
1299 419 1366 467 his
1396 432 1508 480 quae
1537 421 1758 471 tribuisset

388 483 501 538 sibiz
534 494 748 542 quamque
766 480 988 529 mutabilis
1008 487 1137 538 esset,
1158 483 1389 542 reputabat
1412 498 1422 531 ε
1458 497 1589 532 unam
1610 499 1759 547 super-

383 562 477 596 esse
507 550 678 593 uocum
698 559 811 606 quae
830 543 945 593 tanti
975 543 1234 592 discriminis
1265 552 1508 594 moraretur
1536 556 1756 598 eventum.

391 609 558 658 Rursus
598 609 870 661 occurrebat,
903 606 1070 668 maiora
1099 607 1303 668 periculis
1333 608 1536 671 praemia,
1569 617 1617 659 et
1647 612 1758 667 sicut

386 670 568 720 dubium
589 678 702 720 esset
733 685 791 719 an
821 672 1030 725 vinceret,
1050 670 1116 718 ita
1134 670 1247 717 illud
1267 672 1419 732 utique
1449 681 1618 723 certum
1649 690 1755 733 esse,

382 734 567 783 honeste
586 741 751 783 etcum
781 748 943 795 magna
973 734 1104 781 laude
1133 733 1407 783 moriturum.
1476 736 1632 797 Itaque
1661 753 1756 786 cor-

384 813 491 861 pora
531 798 690 846 milites
721 813 874 845 curare
895 796 1043 858 jussit,
1076 812 1127 844 ae
1158 797 1320 844 deinde
1350 798 1483 847 tertia
1513 801 1663 861 vigilia
1692 802 1759 849 in-

382 869 573 910 structos
602 868 648 909 et
688 870 876 910 armatos
907 875 1027 915 ωας
1071 861 1166 921 ipse
1194 860 1242 907 in
1265 860 1426 921 jugum
1456 862 1565 911 editi
1597 866 1758 914 montis

381 925 591 980 aseendit,
625 925 859 984 multisque
887 923 1203 971 collucentibus
1244 923 1421 982 facibus,
1455 927 1600 986 patrio
1641 943 1762 976 more

385 989 640 1037 sacrificium
670 988 756 1035 diis
777 986 1048 1049 praesidibus
1068 987 1155 1034 loci
1175 987 1291 1035 fecit.
1353 987 1543 1048 Jamque
1563 992 1759 1048 tertium,

383 1052 497 1100 sicut
526 1058 805 1114 praeceptum
851 1058 963 1106 erat,
993 1051 1173 1111 signum
1213 1051 1322 1097 tuba
1363 1051 1487 1098 miles
1517 1063 1757 1114 acceperat,

382 1115 529 1164 itineri
552 1114 680 1162 simul
709 1121 888 1176 paratus
918 1123 965 1162 et
995 1113 1159 1175 praelio
1181 1130 1193 1170 3
1226 1120 1488 1175 strenueque
1510 1114 1625 1176 jussi
1656 1132 1757 1179 pro-

381 1179 549 1237 cedere,
572 1178 741 1226 oriente
759 1178 857 1225 lucc
877 1183 1172 1240 pervenerunt
1203 1178 1260 1224 ad
1291 1179 1529 1238 angustias,
1551 1194 1659 1240 quas
1687 1196 1758 1228 oe·

379 1257 539 1304 eupare
554 1242 849 1290 decreverant.
916 1241 1102 1288 Darium
1123 1240 1308 1300 triginta
1327 1242 1432 1289 inde
1447 1243 1590 1290 stadia
1611 1244 1760 1291 abesse

381 1306 605 1369 praemissi
622 1305 904 1353 indicabantt
941 1312 1046 1352 tune
1078 1305 1319 1352 consistere
1339 1319 1499 1366 agmen
1523 1306 1667 1367 jubet,
1691 1323 1759 1356 ar-

383 1370 549 1428 misque
568 1370 661 1431 ipse
678 1369 863 1430 sumptis
879 1369 1015 1415 aciem
1035 1367 1226 1415 ordinat.

445 1432 570 1480 xxi.
625 1432 766 1480 Dario
827 1433 1066 1479 adventum
1119 1430 1310 1478 hostium
1361 1433 1509 1493 pavidi
1562 1442 1756 1495 agrestes

383 1497 713 1553 nunciaverunt,
766 1495 841 1542 vix
892 1495 1090 1543 credenti
1123 1509 1363 1542 'occurrere
1392 1496 1524 1544 etiam
1571 1511 1680 1558 quos
1712 1506 1762 1546 ut

380 1560 600 1620 fugientes
635 1560 913 1619 sequebatur.
998 1558 1120 1619 Ergo
1161 1573 1253 1606 non
1292 1559 1524 1606 mediocris
1565 1563 1759 1609 omnium

378 1624 544 1670 animos
575 1623 761 1670 formido
789 1623 1025 1670 incesserat
1047 1639 1058 1669 t
1091 1623 1253 1684 quippe
1283 1622 1441 1669 itinere
1472 1637 1602 1682 quam
1634 1640 1758 1686 prae-

379 1685 437 1734 lio
475 1686 665 1746 aptiores
706 1694 845 1742 erant,
900 1686 1147 1746 raptimque
1199 1700 1320 1732 arma
1360 1686 1593 1747 capiebant
1615 1705 1626 1736 :
1682 1690 1760 1736 sed

380 1752 473 1810 ipsa
492 1750 714 1797 festinatio
746 1749 1099 1806 discurrentium,
1133 1763 1320 1808 suosque
1356 1750 1414 1797 ad
1446 1765 1567 1797 arma
1599 1768 1758 1801 vocan-

379 1812 502 1870 tium,
525 1813 735 1874 majorem
767 1820 932 1861 metum
963 1813 1163 1861 incussit.
1224 1813 1315 1859 Alii
1336 1813 1382 1858 in
1405 1813 1566 1873 jugum
1598 1818 1759 1863 montis

373 1883 614 1933 evaserant,
637 1886 688 1924 ut
718 1877 912 1924 hostium
932 1891 1091 1936 agmen
1121 1876 1226 1922 inde
1257 1876 1555 1937 prospicerent
1578 1895 1588 1925 ε
1624 1894 1762 1938 equos

370 1940 567 2002 plerique
606 1939 872 1995 frenabant3
918 1939 1083 1986 discors
1125 1940 1353 1994 exercitus,
1396 1955 1480 1986 nec
1513 1941 1569 1987 ad
1616 1957 1753 1989 unum

372 2004 570 2051 intentus
609 2003 852 2064 imperium.
897 2002 1017 2049 vario
1053 2002 1254 2050 tumultu
1283 2010 1443 2050 cuncta
1484 2005 1752 2054 turbaverat.

374 2066 538 2114 Darius
558 2066 685 2114 initio
715 2067 876 2114 montis
900 2066 1062 2127 jugum
1093 2081 1193 2113 cum
1223 2072 1349 2126 parte
1369 2067 1591 2127 copiarum
1623 2084 1753 2117 occu-

377 2146 480 2190 pare
500 2130 668 2184 statuit,
690 2141 737 2177 et
757 2146 783 2177 a
798 2130 944 2177 fronte
964 2135 1009 2176 et
1029 2145 1056 2177 a
1073 2136 1203 2189 tergo
1225 2130 1531 2177 circumiturus
1551 2131 1722 2180 hostem
1741 2151 1751 2179 ε

378 2210 404 2240 a
425 2195 534 2240 mari
566 2194 751 2253 quoque,
773 2208 859 2252 quo
880 2194 1086 2240 dextrum
1109 2193 1203 2253 ejus
1224 2208 1360 2239 cornu
1382 2195 1629 2253 tegebatur,
1649 2196 1756 2242 alios

378 2258 640 2316 objecturus,
685 2264 735 2304 ut
767 2257 962 2316 undique
992 2264 1182 2317 urgeret.
1248 2257 1429 2304 Praeter
1459 2258 1566 2305 haec
1598 2259 1756 2319 viginti

380 2320 512 2368 millia
532 2320 766 2380 praemissa
787 2336 886 2366 eum
907 2321 1234 2380 sagittariorum
1253 2336 1398 2369 manu.
1424 2320 1634 2368 Pinarum
1666 2339 1757 2369 am-

377 2400 488 2441 nem,
512 2385 587 2442 qui
617 2384 707 2430 duo
728 2385 904 2444 agmina
933 2384 1225 2439 interfluebat,
1259 2385 1457 2440 transire,
1492 2395 1537 2433 et
1568 2386 1757 2446 objicere

376 2464 468 2495 sese
501 2448 791 2494 Macedonum
822 2448 959 2508 copiis
1003 2448 1196 2507 jusserat
1218 2462 1229 2500 ;
1264 2448 1301 2494 si
1331 2448 1377 2494 id
1409 2455 1633 2509 praestare
1664 2466 1755 2497 non

378 2519 571 2572 possent,
593 2511 867 2559 retrocedere
888 2511 936 2557 in
952 2518 1137 2565 montes,
1161 2517 1207 2558 et
1222 2511 1393 2558 occulte
1408 2512 1637 2560 circumire
1653 2514 1756 2562 ulti·

380 2591 473 2622 mos
493 2574 698 2622 hostium.
764 2575 985 2631 Ceterum,
1018 2575 1239 2622 destinata
1270 2575 1502 2623 salubriter
1534 2578 1655 2624 omni
1686 2593 1756 2624 ra-

374 2640 496 2685 tione
525 2638 744 2699 potentior
763 2638 942 2685 fortuna
971 2638 1176 2686 discussit
1196 2654 1208 2692 3
1232 2640 1392 2701 quippe
1412 2639 1486 2687 alii
1508 2655 1612 2701 prae
1633 2650 1753 2688 metu

373 2703 603 2764 imperium
645 2702 822 2760 exsequi
853 2716 946 2748 non
977 2702 1212 2758 audebant,
1248 2703 1322 2750 alii
1352 2696 1516 2750 frustra
1545 2718 1754 2764 exseque-

375 2768 537 2813 bantur
558 2781 570 2812 ι
604 2764 717 2824 quia,
735 2765 811 2811 ubi
831 2772 979 2825 partes
1008 2766 1174 2822 labant,
1198 2781 1371 2813 summa·
1386 2768 1606 2814 turbatur.

436 2829 583 2876 XXII.
619 2829 662 2875 9.
695 2828 826 2875 Acies
846 2835 995 2875 autem
1014 2829 1100 2876 hoc
1121 2829 1253 2877 modo
1268 2831 1404 2878 stetit.
1471 2831 1752 2879 Nabarzanes

372 2893 576 2954 equitatu
618 2893 822 2941 dextrum
853 2907 993 2942 cornu
1023 2894 1247 2949 tuebatur,
1286 2894 1448 2942 additis
1479 2894 1752 2944 funditorum

374 2957 790 3018 sagittariorumque
808 2955 968 3018 viginti
997 2956 1088 3005 fere
1108 2957 1313 3006 millibus.
1379 2957 1432 3004 In
1454 2958 1608 3006 eodem
1633 2960 1753 3023 'rhy-
