2208 3424
535 318 594 370 72
885 320 1112 377 QUINTI
1144 319 1372 368 CUR'rn
1405 318 1560 368 RUFI

534 465 664 510 quam
686 448 840 509 auriga
862 447 1001 503 Darii,
1020 448 1095 508 qui
1116 453 1221 495 ante
1232 450 1375 510 ipsum
1393 450 1549 497 sedens
1564 463 1694 509 equos
1711 452 1905 511 regebat,

533 514 658 560 hasta
677 513 914 561 transfixus
933 518 1028 566 est3
1063 526 1144 558 nec
1164 519 1243 560 aut
1265 512 1426 559 Persae
1446 522 1524 561 aut
1547 512 1809 561 Macedones
1825 515 1907 560 du-

534 577 738 632 bitavere,
782 575 888 634 quin
919 575 1012 635 ipse
1043 589 1121 622 rex
1153 582 1266 623 esset
1297 577 1477 624 occisus.
1564 576 1764 637 Lugubri
1796 593 1904 637 ergo

533 639 702 687 ululatu
724 645 769 686 et
791 639 1017 686 incondito
1030 638 1217 686 clamore
1237 640 1492 701 gemituque
1507 646 1646 687 totam
1665 641 1757 687 fere
1769 643 1905 688 aciem

529 703 675 750 adhuc
695 718 835 763 aequo
857 702 1002 749 Marte
1023 704 1317 763 pugnantium
1330 704 1565 751 turbavere
1578 705 1755 764 cognati
1778 705 1904 751 Darii

529 775 574 814 ct
607 767 810 827 armigeri
832 782 843 821 ;
876 765 1085 824 laevoque
1115 781 1253 813 cornu
1282 768 1330 812 in
1351 766 1500 826 fugam
1522 768 1671 825 effuso,
1694 768 1904 816 destituc-

531 837 632 877 rant
664 846 875 884 currum;
907 843 1036 889 quem
1068 845 1094 875 a
1115 830 1273 877 dextra
1305 837 1429 890 parte
1461 832 1612 891 stipati
1643 832 1690 877 in
1711 833 1902 877 medium

528 909 688 953 agmen
719 899 991 953 receperunt.
1058 893 1236 940 Dicitur
1252 895 1426 940 acinace
1456 895 1612 940 stricto
1633 895 1798 941 Darius
1820 896 1903 940 du-

532 959 703 1014 bitasse,
726 973 784 1004 an
804 958 936 1016 fugae
968 956 1158 1003 dedecus
1191 957 1376 1004 honesta
1406 965 1549 1004 morte
1578 958 1751 1005 vitaret.
1817 960 1904 1004 Sed

528 1022 723 1067 eminens
754 1035 886 1067 curru
919 1021 1114 1066 nondum
1147 1036 1320 1067 omnem
1353 1036 1532 1066 suorum
1576 1021 1710 1067 aciem
1741 1024 1906 1083 praelio

526 1085 811 1131 excedentem
844 1084 1084 1130 destituere
1116 1085 1418 1131 erubescebat.
1482 1085 1604 1130 Dum
1637 1085 1755 1131 inter
1786 1100 1905 1145 spem

524 1156 569 1194 ct
602 1148 950 1208 desperationem
986 1148 1185 1202 haesitat,
1220 1149 1381 1194 sensim
1415 1149 1575 1194 Persae
1604 1149 1835 1204 cedebant,
1860 1159 1902 1194 et

524 1213 779 1258 laxaverant
811 1211 1002 1257 ordines.
1091 1211 1348 1257 Alexander
1380 1219 1551 1258 mutato
1583 1228 1707 1272 equo,
1743 1212 1903 1272 quippe

522 1276 667 1334 plures
708 1275 984 1334 fatigaverat,
1029 1275 1323 1321 resistentium
1369 1276 1551 1321 adversa
1581 1291 1657 1321 ora
1688 1276 1896 1330 fodiebat,

522 1339 785 1397 fugientium
806 1347 944 1397 terga.
982 1337 1167 1397 Jamque
1189 1353 1277 1384 non
1302 1354 1424 1399 pugn
1437 1355 1475 1395 a,
1501 1339 1578 1384 sed
1600 1340 1753 1384 caedes
1775 1346 1870 1385 erat
1889 1356 1898 1391 ;

522 1416 659 1461 quum
706 1402 871 1447 Darius
904 1416 1077 1462 quoque
1120 1417 1293 1447 currum
1327 1417 1450 1447 suum
1486 1404 1531 1447 in
1563 1403 1711 1462 fugam
1745 1403 1895 1449 vertit.

522 1465 749 1511 Haerebat
780 1466 826 1509 in
856 1466 994 1524 tergis
1014 1465 1278 1524 fugientium
1313 1466 1479 1512 victor:
1516 1466 1592 1511 sed
1614 1473 1895 1526 prospectum

522 1530 746 1574 oculorum
769 1529 908 1574 nubes
930 1530 1133 1588 pulveris,
1152 1544 1262 1587 quae
1294 1529 1352 1574 ad
1375 1530 1546 1575 coelum
1568 1530 1802 1585 ferebatur,
1820 1531 1896 1575 ab·

522 1593 705 1639 stulerat
724 1609 734 1638 t
759 1608 859 1650 ergo
880 1592 999 1638 haud
1019 1608 1144 1638 secus
1166 1609 1297 1652 quam
1320 1593 1367 1637 in
1391 1593 1583 1639 tenebris
1604 1594 1823 1646 errabant,
1840 1594 1896 1638 ad

521 1657 713 1703 sonitum
735 1662 867 1702 notae
889 1657 1020 1711 vocis,
1045 1665 1094 1702 ut
1108 1657 1297 1716 signum,
1323 1657 1509 1701 subinde
1532 1664 1755 1702 coeuntes.
1803 1656 1893 1700 Ex-

522 1720 816 1766 audiebantur
848 1725 1020 1766 tantum
1053 1721 1260 1780 strepitus
1293 1720 1575 1775 habenarum,
1609 1720 1767 1780 quibus
1799 1721 1899 1778 equi

521 1798 698 1828 currum
729 1784 954 1830 trahentes
987 1784 1228 1830 identidem
1262 1778 1639 1836 verberabantur3
1675 1784 1783 1828 haec
1804 1784 1895 1828 sola

520 1847 729 1906 fugientis
750 1847 936 1905 vestigia
956 1855 1139 1907 excepta
1161 1855 1280 1892 sunt.

584 1910 687 1956 LX.
722 1909 794 1956 16.
832 1911 896 1955 At
917 1910 964 1954 in
995 1911 1120 1956 laevo
1157 1910 1449 1956 Macedonum
1475 1924 1627 1964 cornu,
1649 1910 1769 1967 quod
1791 1910 1900 1955 Par-

521 1974 680 2030 menio,
697 1974 810 2020 sicut
824 1974 1106 2019 antedictum
1130 1981 1209 2030 est,
1225 1974 1445 2028 tuebatur,
1469 1974 1604 2032 longe
1624 1974 1709 2018 alia
1729 1974 1907 2019 fortuna

521 2038 753 2097 utriusque
785 2037 922 2098 partis
965 2053 1035 2082 res
1077 2039 1331 2096 gerebatur.
1397 2037 1616 2091 Mazaeus,
1651 2053 1751 2082 cum
1784 2038 1902 2081 omni

523 2116 701 2146 suorum
723 2102 924 2161 equitatu
948 2101 1228 2147 vehementer
1250 2102 1464 2155 invectus,
1483 2102 1672 2159 urgebat
1695 2101 1902 2145 Macedo-

520 2179 627 2209 num
648 2165 738 2210 alas
756 2181 766 2210 :
794 2165 971 2224 jamque
992 2165 1221 2210 abundans
1243 2164 1527 2210 multitudine
1559 2165 1694 2209 aciem
1718 2164 1904 2209 circum--

521 2229 622 2273 vehi
653 2235 872 2288 coeperat,
905 2243 1037 2288 quum
1073 2228 1301 2274 Parmenio
1335 2228 1501 2287 equites
1540 2228 1748 2272 nunciare
1772 2227 1901 2286 jubet

520 2291 792 2347 Alexandro,
827 2292 873 2336 in
895 2308 981 2352 quo
1014 2291 1264 2337 discrimine
1296 2293 1379 2352 ipsi
1411 2298 1592 2344 essent3
1626 2291 1711 2335 nisi
1733 2297 1904 2337 mature

522 2356 840 2411 subveniretur,
865 2371 955 2401 non
977 2371 1103 2415 posse
1119 2356 1214 2402 sisti
1236 2357 1401 2414 fugam.
1463 2355 1563 2401 Jam
1596 2355 1784 2400 multum
1807 2355 1904 2399 viae

522 2428 804 2479 praeceperat
835 2434 925 2474 rex,
960 2420 1191 2465 imminens
1222 2419 1482 2478 fugientium
1518 2419 1667 2477 tergis,
1701 2432 1834 2476 quum
1879 2436 1902 2463 a

524 2483 815 2529 Parmenione
837 2483 975 2529 tristis
997 2483 1184 2528 nuncius
1205 2484 1353 2539 venit3
1386 2483 1606 2528 refrenare
1626 2496 1760 2541 equos
1776 2482 1902 2541 jussi,

522 2547 596 2605 qui
622 2547 911 2601 vehebantur,
936 2562 1181 2606 agmenque
1196 2547 1421 2600 constitit3
1455 2546 1688 2591 frendente
1709 2546 1903 2591 Alexan-

521 2612 618 2665 dro,
643 2611 751 2671 eripi
772 2611 855 2656 sibi
885 2610 1111 2658 victoriam
1144 2626 1169 2656 e
1203 2611 1416 2665 manibus,
1440 2617 1485 2655 et
1520 2610 1704 2655 Darium
1736 2610 1903 2654 felicius

521 2676 686 2733 fugere,
710 2688 839 2732 quam
875 2690 920 2720 se
952 2675 1083 2732 sequi.
1165 2675 1350 2720 Interim
1372 2674 1428 2720 ad
1450 2674 1675 2719 Mazaeum
1711 2675 1902 2732 superati

522 2737 640 2797 regis
681 2739 798 2784 fama
838 2745 1114 2797 pervenerat.
1200 2738 1369 2797 Itaque,
1413 2751 1672 2797 quamquam
1716 2738 1901 2781 validior

522 2809 630 2858 erat,
654 2803 832 2849 fortuna
842 2809 991 2847 tamen
1007 2802 1192 2861 partium
1208 2803 1401 2857 territus,
1424 2801 1630 2860 perculsis
1651 2801 1903 2860 languidius

523 2867 729 2912 instabat.
766 2866 999 2911 Parmenio
1012 2866 1246 2924 ignorabat
1262 2866 1440 2925 quidem
1463 2880 1634 2910 eausam
1658 2880 1734 2908 sua
1748 2875 1906 2924 sponte

524 2945 698 2989 pugnae
738 2930 976 2983 remissae;
1012 2930 1089 2974 sed
1121 2930 1349 2975 occasione
1391 2928 1596 2974 vincendi
1627 2935 1804 2974 strenue
1836 2939 1901 2972 est

527 3009 642 3040 usus.
708 2993 941 3040 Thessalos
962 2994 1129 3054 equites
1152 2995 1209 3040 ad
1231 3010 1278 3038 se
1300 2993 1444 3039 vocari
1462 2992 1606 3052 jubet.
1672 2997 1682 3018 ⁶
1703 2988 1907 3050 Ecquid]
