2208 3424
484 294 543 352 54
843 299 1068 358 Qum'rl
1102 299 1317 348 cunm
1350 298 1504 348 RUFI

492 431 676 491 caligine
696 442 825 487 quam
857 428 999 474 fumus
1030 427 1244 474 effuderat
1275 429 1533 475 obscurante
1563 428 1716 485 lucem,
1750 429 1858 475 insi*

489 496 660 541 diarum
690 498 811 539 metu
842 492 1064 545 substitit,
1098 490 1271 547 deinde,
1309 498 1358 540 ut
1399 491 1689 553 speculatores
1730 508 1857 553 prae

491 556 611 604 missi
645 560 745 603 tuta
781 556 926 602 omnia
986 554 1322 611 nunciaverunt,
1359 570 1519 615 paucos
1559 556 1756 616 equitum
1798 557 1856 602 ad

489 619 752 668 tentandum
794 619 953 665 vadum
996 617 1186 664 fluminis
1227 619 1462 678 praemisit,
1506 619 1628 680 cujus
1667 620 1859 667 altitudo

489 684 631 744 primo
665 697 834 731 summa
864 697 1075 743 equorum
1117 687 1310 741 pectora,
1352 696 1468 737 mox,
1507 689 1554 730 ut
1584 684 1631 729 in
1662 683 1854 734 medium

489 748 659 794 alveum
690 752 870 794 ventum
901 751 981 801 est,
1025 744 1213 791 cervices
1244 759 1418 805 quoque
1449 748 1674 805 aequabat.
1759 747 1857 792 Nec

487 826 593 858 sane
607 811 717 857 alius
736 810 794 856 ad
817 809 1011 855 Orientis
1043 808 1215 869 plagam
1246 814 1337 855 tam
1375 808 1593 856 violentus
1622 810 1857 865 invehitur,

488 875 724 922 multorum
744 873 1003 920 torrentium
1037 887 1128 918 non
1149 886 1281 931 aquas
1302 872 1456 927 solum,
1490 873 1567 919 sed
1588 875 1719 920 etiam
1753 889 1857 920 saxa

485 953 633 985 secum
665 936 872 984 trahens:
904 936 1054 997 itaque
1091 952 1117 981 a
1147 935 1367 982 celeritate
1408 950 1496 996 qua
1536 937 1690 983 defluit
1733 937 1859 997 Tigri

485 1016 647 1048 nomen
666 1006 733 1047 est
754 999 957 1057 inditum,
979 1001 1084 1061 quia
1108 998 1279 1045 Persica
1294 998 1445 1059 lingua
1472 999 1638 1062 Tiyrim
1650 1001 1857 1060 sagittam

486 1082 511 1110 a
598 1064 724 1111 llant.

514 1080 785 1174 ΡΙὶὶζθΧΧὶῘΙΙ.
821 1126 964 1186 Igitur
996 1127 1142 1188 pedes&
1166 1128 1286 1174 velut
1307 1127 1469 1173 divisus
1494 1127 1540 1173 in
1562 1142 1739 1184 cornua,
1773 1129 1858 1174 cir-

485 1192 691 1238 cumdato
712 1192 923 1249 equitatu,
946 1192 1101 1238 levatis
1117 1205 1245 1251 super
1265 1191 1408 1250 capita
1428 1191 1571 1247 armis,
1590 1192 1707 1237 haud
1728 1206 1860 1252 aegre

487 1256 543 1301 ad
563 1256 705 1317 ipsum
736 1255 908 1300 alveum
941 1260 1157 1316 penetrat.
1223 1254 1398 1300 Primus
1428 1255 1544 1302 inter
1578 1255 1746 1316 pedites
1776 1270 1855 1301 rex

486 1334 685 1379 egressus
705 1319 752 1363 in
773 1319 927 1378 ripam,
961 1319 1122 1365 vadum
1156 1318 1365 1365 militibus
1395 1333 1542 1374 manu,
1566 1319 1742 1378 quando
1773 1335 1858 1365 vox

489 1382 686 1428 exaudiri
706 1396 797 1427 non
818 1387 1003 1442 poterat,
1028 1382 1251 1429 ostendit:
1286 1381 1361 1427 sed
1383 1382 1569 1456 gradum
1590 1383 1763 1428 firmare
1783 1383 1857 1428 vix

487 1451 703 1506 poterant,
727 1460 861 1505 quum
884 1446 1015 1492 modo
1047 1461 1152 1491 saxa
1182 1445 1350 1491 lubrica
1380 1445 1611 1505 vestigium
1643 1446 1859 1501 fallerent,

486 1509 619 1555 modo
639 1508 831 1569 rapidior
851 1510 967 1555 unda
989 1500 1270 1556 subduceret·
1335 1508 1601 1569 Praecipuus
1622 1516 1715 1556 erat
1734 1510 1860 1555 labor

487 1588 637 1619 eorum
669 1572 744 1633 qui
786 1572 977 1619 humeris
1022 1588 1156 1619 onera
1201 1573 1472 1633 portabant·
1521 1572 1679 1632 quippe
1726 1588 1860 1633 quum

487 1636 740 1695 semetipsos
761 1650 914 1696 regere
934 1652 1023 1682 non
1054 1643 1248 1696 possent,
1279 1636 1326 1680 in
1358 1635 1533 1695 rapidos
1561 1635 1761 1696 gurgites
1792 1636 1860 1682 in-

485 1699 715 1745 commodo
746 1713 881 1746 onere
910 1700 1246 1753 auferebantur3
1299 1704 1357 1756 et,
1407 1699 1513 1745 dum
1559 1714 1638 1745 sua
1679 1700 1863 1760 quisque

486 1763 625 1823 spolia
668 1763 874 1822 consequi
920 1764 1084 1819 studet,
1117 1764 1255 1824 major
1301 1763 1416 1809 inter
1452 1763 1568 1822 ipsos
1600 1778 1729 1823 quam
1761 1779 1861 1809 cum

485 1841 616 1872 amne
647 1833 743 1873 orta
779 1826 963 1874 luctatio
1000 1833 1096 1881 est;
1130 1827 1376 1886 cumulique
1407 1826 1671 1872 sarcinarum
1704 1828 1863 1887 passim

484 1890 705 1936 fluitantes
725 1889 955 1951 plerosque
974 1890 1266 1951 perculerant.
1331 1889 1431 1935 Rex
1462 1904 1652 1945 monere,
1675 1896 1727 1937 ut
1758 1891 1864 1937 satis

484 1954 697 2000 haberent
739 1968 861 1999 arma
902 1955 1119 2008 retinere3
1164 1961 1310 2001 cetera
1339 1967 1385 1998 se
1416 1953 1707 2000 redditurum.
1774 1954 1862 2000 Sed

486 2031 627 2075 neque
669 2016 899 2063 consilium
941 2031 1082 2076 neque
1112 2018 1340 2077 imperium
1372 2016 1509 2076 accipi
1540 2022 1715 2077 poterat
1738 2033 1748 2063 :
1784 2018 1861 2064 ob-

483 2081 705 2140 strepebat
736 2080 838 2126 hinc
869 2087 1023 2137 metus,
1056 2081 1162 2127 hinc
1190 2081 1377 2126 invicem
1407 2081 1657 2127 vocantium
1688 2088 1866 2128 mutuus

485 2145 661 2190 clamor.
726 2143 939 2201 Tandem,
962 2160 1049 2205 qua
1078 2144 1245 2191 leniore
1275 2149 1420 2192 tractu
1451 2144 1590 2190 amnis
1619 2145 1760 2204 aperit
1790 2160 1864 2190 va-

486 2208 607 2262 dum,
639 2222 866 2264 emersere,
901 2223 980 2254 nec
1011 2209 1248 2268 quidquam
1278 2213 1451 2269 praeter
1483 2222 1641 2267 paucas
1673 2208 1864 2254 sarcinas

485 2271 780 2317 desideratum
808 2277 889 2318 est.

547 2334 810 2382 XXXVIII.
864 2335 1014 2382 Deleri
1058 2335 1206 2396 potuit
1252 2335 1483 2388 exercitus,
1530 2335 1565 2380 si
1608 2335 1702 2393 quis
1732 2350 1863 2381 ausus

486 2403 599 2444 esset
620 2397 825 2445 vincere:
861 2400 939 2445 sed
969 2405 1183 2460 perpetua
1213 2399 1390 2445 fortuna
1419 2398 1536 2458 regis
1568 2398 1727 2445 avertit
1758 2399 1863 2445 inde

485 2462 668 2508 hostem.
732 2462 804 2509 Sic
841 2463 1079 2509 Granicum
1110 2468 1179 2510 tot
1199 2463 1390 2509 mililbus
1425 2462 1621 2522 equitum
1642 2463 1860 2523 peditum-

487 2525 639 2585 quein
671 2525 879 2573 ulteriore
909 2527 1127 2574 stantibus
1158 2527 1253 2587 ripa
1284 2527 1505 2586 superavit
1528 2542 1539 2572 ε
1572 2526 1634 2572 sic
1665 2528 1862 2587 angustis

484 2589 531 2634 in
554 2588 731 2635 Ciliciae
751 2590 934 2637 callibus
953 2598 1123 2639 tantam
1144 2587 1469 2640 multitudinem
1498 2589 1705 2637 hostium.
1768 2590 1862 2636 Au-

485 2652 637 2698 daciae
658 2667 843 2713 quoque,
867 2669 954 2714 qua
983 2655 1172 2701 maxime
1202 2654 1356 2715 viguit,
1389 2655 1503 2701 ratio
1531 2653 1670 2700 minui
1700 2659 1859 2714 potest,

487 2716 589 2776 quia
619 2730 841 2775 nunquam
881 2718 927 2763 in
959 2718 1194 2765 discrimen
1224 2718 1358 2773 venit,
1391 2733 1448 2764 an
1479 2723 1643 2764 temere
1673 2717 1860 2765 fecisset.

487 2779 703 2835 Mazaeus,
736 2780 826 2840 qui,
872 2781 908 2827 si
950 2782 1278 2829 transeuntibus
1321 2782 1485 2828 flumen
1528 2781 1861 2856 supervenisset,

487 2842 605 2888 haud
635 2843 769 2890 dubie
799 2859 1083 2906 oppressurus
1112 2846 1195 2892 fuit
1224 2846 1547 2907 incompositos,
1579 2846 1627 2890 in
1658 2845 1752 2905 ripa
1782 2846 1860 2892 de-

486 2921 620 2962 mum,
653 2913 698 2954 et
737 2907 831 2969 jam
877 2914 1158 2970 perarmatos,
1205 2910 1458 2971 adequitare
1504 2908 1663 2969 coepit.
1738 2909 1863 2955 Mille

486 2970 722 3019 admodum
744 2973 911 3033 equites
942 2974 1235 3035 praemiserat,
1268 2988 1452 3035 quorum
1484 2972 1704 3035 paucitate
1724 2973 1862 3027 Alex«

2065 2185 2104 2405 π”ἕιὲέἶῗᾶῥὲέᾒνν
2075 2159 2093 2177 ²22
2072 2103 2093 2152 θιὼ
2085 2088 2098 2097 ·:
2076 2047 2100 2082 :2³¹5-
2078 2012 2097 2042 §²23²
2080 1983 2099 2008 :13
2083 1922 2100 1978 ›.‚
2074 1756 2100 1912 ‹;.-.·-·«{'²}·{z†;'ss..13·ss
2079 1735 2092 1748 ’ῖ-
2089 1718 2097 1725 ;
2090 1700 2096 1708 ,«
2088 1640 2090 1642 ·
2101 1621 2103 1626 ἤ
2086 1564 2088 1566 ·
2095 1497 2097 1500 ,
2090 1480 2093 1487 ,.
2077 1436 2095 1472 -ξ
2071 1393 2093 1427 ·³³.
2070 1347 2091 1388 <212
2069 1288 2095 1342 ''f-‘42³2
