2192 3408
388 307 446 355 14
746 307 973 365 QUINTI
1005 307 1220 357 CURTII
1253 309 1406 358 RUFI

383 435 503 483 fecit.
566 435 731 496 Itaque,
767 435 845 482 ‘Si
875 433 967 496 Dii,
970 433 984 460 ’
1020 435 1178 496 inquit,
1212 440 1235 465 ⁴
1230 436 1451 499 Philippo,
1482 436 1566 484 tibi
1597 432 1760 498 permi0

387 499 545 548 sissent
564 512 653 559 quo
671 498 859 545 maxime
878 498 1010 546 modo
1030 502 1223 546 animum
1232 500 1368 548 velles
1384 499 1572 562 experiri
1593 514 1753 553 meum,

385 562 473 609 alio
490 561 687 623 profecto
706 561 929 618 voluisses,
952 561 1031 608 sed
1050 561 1235 610 certiore
1255 578 1386 623 quam
1406 572 1614 625 expertus
1630 578 1682 610 cs
1698 577 1756 608 ne

384 632 577 686 optasses
596 624 803 685 quidem.
837 625 918 671 hac
938 624 1120 686 epistola
1151 632 1340 687 accepta,
1373 632 1520 674 tamen
1540 626 1662 687 quod
1692 625 1757 672 di

385 689 528 735 lucras
546 687 654 746 bibi,
687 694 733 736 et
763 703 882 735 nunc
897 688 1040 745 crede,
1062 703 1133 736 me
1163 703 1254 735 non
1283 691 1428 737 minus
1458 705 1539 751 pro
1569 695 1652 737 tua
1670 689 1761 735 fide

384 765 515 812 quam
534 766 616 813 pro
646 767 742 799 mea
772 752 912 799 salute
932 766 1025 798 esse
1045 750 1292 799 solicitum?
1355 753 1480 801 Haec
1512 753 1763 814 eloquutus,

385 815 586 862 dextram
608 814 724 862 Phili
725 830 813 876 ppo
833 815 976 862 offert.

448 878 548 926 XV.
584 877 805 935 Ceterum,
848 883 974 925 tanta
1005 878 1069 924 vis
1103 878 1402 926 medicaminis
1432 880 1530 935 fuit,
1565 886 1617 927 ut
1647 894 1761 941 quae

382 947 569 1002 sequuta
610 948 713 989 sunt
745 942 1091 989 criminationem
1136 942 1434 989 Parmenionis
1474 943 1727 1004 adjuverint
1748 959 1764 989 ι

384 1005 648 1052 interclusus
667 1005 845 1066 spiritus
865 1011 985 1052 arcte
1004 1006 1191 1052 meabat.
1256 1006 1351 1053 Nec
1384 1005 1613 1067 Philippus
1633 1006 1761 1067 quid·

387 1083 516 1128 quam
536 1068 814 1130 inexpertum
831 1068 975 1115 omisit
998 1084 1009 1123 ;
1040 1068 1115 1115 ille
1127 1068 1319 1116 fomenta
1339 1071 1510 1130 corpori
1531 1070 1728 1116 admovit
1751 1086 1764 1123 ;

384 1130 461 1177 ille
491 1138 738 1193 torpentem
759 1147 878 1178 nunc
898 1131 985 1178 cibi
1005 1147 1124 1179 nunc
1145 1132 1237 1178 vini
1252 1133 1388 1180 odore
1409 1133 1631 1180 excitavit.
1678 1133 1763 1181 At-

387 1210 487 1256 que,
510 1204 562 1242 ut
582 1196 769 1256 primum
791 1196 950 1242 mentis
966 1201 1211 1256 compotem
1232 1211 1325 1242 esse
1347 1197 1495 1252 sensit,
1517 1197 1651 1242 modo
1671 1211 1762 1243 ma-

387 1259 468 1305 tris
488 1274 784 1320 sororumque,
816 1259 948 1305 vodo
968 1265 1118 1306 tantae
1136 1259 1341 1307 victoriae
1373 1259 1768 1321 appropinquantis

389 1322 625 1369 admonere
644 1338 735 1369 non
754 1323 941 1369 destitit.
1006 1321 1068 1368 Ut
1098 1337 1204 1369 vero
1223 1324 1590 1370 medicamentum
1612 1339 1660 1370 se
1681 1323 1764 1369 ‹lif-

386 1385 536 1433 fudit
524 1402 571 1434 ιιι
592 1401 736 1442 venas,
765 1392 812 1433 et
832 1385 991 1432 sensim
1010 1391 1107 1433 toto
1128 1401 1308 1447 corpore
1339 1387 1571 1434 salubritas
1601 1386 1768 1447 percipi

387 1449 549 1508 potuit,
567 1449 707 1510 primo
725 1449 896 1496 animus
916 1449 1109 1509 vigorem
1132 1465 1272 1505 suum,
1294 1450 1454 1496 deinde
1475 1465 1635 1510 corpus
1656 1465 1765 1509 quo-

388 1527 475 1572 que
519 1513 825 1574 expectatione
860 1513 1073 1560 maturius
1114 1514 1388 1573 recuperavit
1409 1529 1421 1568 ;
1466 1514 1628 1574 quippe
1665 1523 1772 1573 post·

390 1576 571 1623 tortium
604 1577 719 1623 diem
740 1592 872 1637 quam
887 1576 934 1622 in
955 1576 1039 1623 hoc
1069 1582 1188 1625 statu
1217 1578 1373 1631 fuerat,
1405 1577 1453 1622 in
1484 1584 1764 1636 conspectum

393 1639 581 1687 militum
603 1640 736 1686 venit.
800 1640 896 1686 Nec
926 1640 1095 1686 avidius
1114 1640 1255 1700 ipsum
1276 1654 1425 1699 regem
1447 1655 1576 1701 quam
1601 1639 1774 1699 Philip-

393 1718 499 1758 pum
513 1703 770 1751 intuebatur
790 1703 1007 1750 exercitus
1031 1719 1041 1749 :
1075 1718 1156 1764 pro
1189 1718 1235 1749 se
1254 1704 1437 1763 quisque
1457 1703 1659 1750 dextram
1675 1702 1776 1763 ejus

392 1766 581 1827 amplexi
599 1773 747 1826 grates
767 1767 988 1814 habebant
1009 1766 1129 1814 velut
1151 1767 1370 1827 praesenti
1401 1767 1499 1813 deo.
1565 1767 1775 1826 Namque>

390 1828 511 1876 haud
526 1830 654 1876 facile
683 1830 808 1877 dictu
829 1836 908 1885 est,
941 1836 1114 1890 praeter
1144 1830 1387 1890 ingenitam
1417 1830 1482 1876 illi
1511 1830 1637 1889 genti
1670 1844 1769 1888 erga

393 1908 518 1953 reges
550 1909 652 1940 suos
681 1893 1020 1949 venerationem,
1064 1900 1278 1953 quantum
1307 1892 1438 1952 hujus
1469 1893 1625 1953 utique
1654 1893 1771 1953 regis

392 1957 463 2003 vel
483 1957 774 2011 admirationi,
799 1956 938 2003 dediti
957 1956 1136 2012 fuerint,
1170 1956 1240 2002 vel
1269 1957 1453 2003 caritate
1472 1956 1772 2015 flagraverint.

393 2019 666 2081 Jampridem
705 2020 817 2066 nihil
858 2020 952 2066 sine
994 2020 1145 2065 divina
1175 2035 1257 2080 ope
1286 2019 1470 2080 aggredi
1502 2019 1735 2067 videbatur
1756 2037 1771 2065 ·.

392 2097 509 2139 nam,
543 2099 678 2144 quum
697 2090 812 2130 esset
842 2088 1016 2144 praesto
1045 2084 1209 2143 ubique
1238 2082 1428 2139 fortuna,
1470 2084 1694 2129 temeritas
1725 2083 1770 2128 in

393 2147 580 2207 gloriam
618 2153 818 2194 cesserat.
881 2148 1018 2194 Aetas
1056 2162 1230 2207 quoque
1258 2147 1332 2191 vix
1353 2146 1489 2194 tantis
1512 2152 1683 2193 matura
1703 2149 1776 2191 re-

391 2211 489 2267 bus,
512 2211 591 2258 sed
612 2211 788 2257 abunde
807 2210 1037 2266 sufficiens,
1061 2210 1210 2256 omnia
1225 2209 1317 2268 ejus
1340 2225 1471 2269 opera
1492 2209 1770 2257 honestabat.

395 2274 458 2322 Et
478 2289 591 2335 quae
611 2274 774 2321 leviora
802 2274 953 2319 haberi
975 2274 1118 2336 solent
1149 2274 1407 2334 plerumque
1436 2274 1484 2318 in
1516 2288 1634 2333 rege,
1659 2273 1773 2319 mili-
1822 2324 1826 2331 ι

395 2338 481 2384 tari
499 2338 703 2398 graviora
722 2338 858 2398 vulgo
874 2344 991 2393 sunt,
1006 2337 1260 2384 exercitatio
1287 2336 1482 2397 corporis
1493 2337 1611 2383 inter
1641 2337 1771 2397 ipsos.

397 2401 541 2448 cultus
577 2401 840 2462 habitusque
868 2401 1094 2461 paululum
1126 2416 1153 2446 a
1182 2401 1353 2460 privato
1385 2401 1637 2456 abhorrens,
1661 2401 1773 2446 mili-

400 2464 508 2511 taris
527 2466 677 2524 vigor:
711 2466 835 2525 queis
854 2465 929 2510 ille
958 2465 1027 2510 vel
1047 2465 1216 2525 ingenii
1237 2464 1414 2511 dotibus
1435 2464 1505 2510 vel
1521 2464 1656 2509 animi
1669 2466 1774 2511 arti-

399 2529 496 2584 bus,
513 2533 565 2575 ut
584 2529 746 2588 pariter
768 2543 893 2575 carus
913 2543 964 2574 ac
982 2529 1255 2574 venerandus
1276 2534 1404 2583 esset,
1428 2528 1643 2574 effecerat.

467 2591 592 2639 XVI.
625 2591 667 2640 7.
701 2593 766 2639 At
782 2592 960 2646 Darius,
979 2593 1142 2638 nuncio
1158 2592 1214 2638 de
1236 2592 1418 2639 adversa
1437 2591 1693 2638 valetudine
1704 2607 1778 2637 ac-

402 2662 547 2717 ceptn,
590 2656 836 2710 celeritate
867 2662 1075 2715 quantam
1118 2671 1271 2715 capere
1312 2663 1404 2703 tam
1444 2670 1581 2714 grave
1618 2669 1775 2714 agmen

401 2724 590 2780 poterat,
612 2719 671 2765 ad
687 2718 945 2779 Euphraten
966 2719 1209 2775 contendit,
1225 2718 1492 2780 junctoque
1483 2734 1537 2764 eo
1554 2719 1777 2778 pontibus,

401 2784 598 2844 quinque
632 2782 811 2830 tandem
841 2783 996 2828 diebus
1016 2783 1190 2843 trajecit
1209 2782 1460 2838 exercitum,
1486 2771 1684 2828 Ciliciam
1706 2797 1775 2827 oc-

403 2861 564 2907 cupare
583 2846 808 2896 festinans.
891 2846 1080 2906 Jamque
1112 2846 1381 2900 Alexander,
1402 2845 1569 2891 viribus
1585 2847 1777 2906 corporis

402 2910 604 2986 receptis,
627 2911 684 2957 ad
715 2910 869 2956 urbem
892 2909 1017 2956 Solos
1047 2917 1318 2969 pervenerat,
1342 2909 1471 2969 cujus
1487 2909 1671 2969 potitus,
1695 2910 1776 2956 du-

401 2974 541 3022 centis
574 2974 751 3021 talentis
783 2974 957 3019 nomine
978 2975 1168 3021 mulctae
1198 2975 1373 3029 exactis,
1398 2973 1485 3020 arci
1517 2973 1779 3034 praesidium
