2216 3408
0 443 139 503 lonas,

24 510 139 555 cirea

0 577 138 619 tratos

27 651 134 691 esse,

0 700 135 744 srede-

13 762 133 823 Sisy-

12 826 131 871 adle-

0 903 16 933 1
47 905 132 934 vox

0 968 13 997 s
34 959 101 999 est
119 969 130 1005 ;

1 1030 130 1061 unam

0 1080 129 1124 incer-

0 1205 125 1251 Alex-

1 1275 128 1316 turus

0 1334 121 1379 aerio.

0 1404 120 1442 tuni:

0 1460 124 1505 lisso-

19 1524 121 1569 dani

0 1601 120 1647 eupe-

0 1665 14 1693 )
46 1666 120 1695 ve-

16 1714 119 1760 isso-

11 1775 119 1822 haec

23 1871 36 1894 ‚
69 1840 116 1884 in

6 1902 115 1947 imis

12 1973 109 2012 rat:

12 2044 112 2074 ren-

11 2108 109 2145 pro—

12 2171 107 2212 guo-

38 2235 107 2265 re·

16 2299 105 2329 von

22 2353 103 2401 nt;

30 2410 104 2456 riti

21 2490 104 2519 ere

22 2539 101 2583 1ni-

58 2618 98 2647 {n

26 2667 94 2710 ·r‡

37 2744 95 2774 on

32 2794 94 2840 ati

43 2926 90 2965 ta

38 2999 87 3029 u-

951 306 1146 356 LIBER
1182 307 1505 366 QUARTUS.
1857 310 1912 358 71

545 449 780 498 pervenere
821 436 981 483 deinde
1014 437 1132 483 missi
1163 453 1189 483 a
1221 437 1360 484 Dario
1394 436 1629 490 Bactriani,
1663 450 1920 497 pugnaeque

548 507 714 548 vertere
745 501 981 547 fortunam.
1047 500 1177 548 Multi
1209 517 1315 560 ergo
1337 500 1630 546 Macedonum
1664 500 1807 558 primo
1838 502 1919 545 im—

546 569 651 624 petu
682 563 836 611 obtriti
866 570 1003 610 sunt:
1043 564 1189 617 plures
1221 565 1278 610 ad
1308 563 1610 610 Alexandrum
1644 564 1919 622 refugerunt.

545 625 658 672 'l'um
693 628 864 681 Persae,
895 626 1085 673 clamore
1115 628 1300 682 sublato,
1335 628 1506 686 qualem
1553 626 1738 673 victores
1778 627 1922 673 solent

546 691 687 745 edere,
732 690 931 737 ferociter
972 691 1020 735 in
1062 690 1246 745 hostem,
1279 691 1401 749 quasi
1432 690 1592 749 ubique
1623 690 1921 750 profligatum,

547 754 794 800 incurrunt.
872 754 1124 799 Alexander
1170 755 1346 801 territos
1395 753 1621 812 castigare,
1656 753 1883 800 adhortari
1908 771 1918 804 ;

548 818 775 876 proelium,
799 817 914 876 quod
939 817 1035 876 jam
1067 818 1335 876 elanguerat,
1368 817 1485 862 solus
1517 816 1782 869 aceendere3
1816 832 1921 863 con-

548 881 815 939 firmatisque
836 881 1014 926 tandem
1037 881 1207 935 animis,
1226 880 1288 927 ire
1301 881 1347 925 in
1364 879 1533 927 hostem
1551 880 1697 939 jubet.
1762 880 1923 925 Rarior

549 944 661 989 acies
704 952 799 990 erat
846 944 891 988 in
921 944 1084 990 dextro
1116 958 1253 989 cornu
1286 937 1518 989 Persarum
1544 959 1555 997 ;
1599 958 1789 1001 namque
1818 944 1924 989 inde

552 1007 773 1053 Bactriani
814 1007 1088 1053 decesserant
1136 1008 1192 1053 ad
1238 1007 1526 1067 opprimenda
1572 1007 1888 1065 impedimenta
1911 1023 1922 1057 ;

551 1071 695 1130 itaque
710 1071 960 1115 Alexander
978 1071 1147 1116 laxatos
1164 1071 1338 1116 ordines
1360 1070 1542 1124 invadit,
1562 1076 1606 1115 et
1629 1070 1769 1115 multa
1789 1071 1924 1115 caede

550 1134 739 1180 hostium
765 1134 996 1179 invehitur.
1061 1134 1216 1193 Atqui
1238 1134 1283 1178 in
1305 1134 1429 1179 laevo
1446 1148 1583 1178 cornu
1606 1141 1730 1178 erant
1750 1133 1922 1184 Persae,

552 1213 627 1256 spe
658 1213 784 1257 posse
816 1212 912 1241 eum
946 1197 1126 1250 includi,
1150 1212 1308 1256 agmen
1331 1212 1457 1241 suum
1482 1211 1508 1240 a
1529 1203 1656 1253 tergo
1678 1196 1927 1242 dimicantis

552 1266 814 1320 opponunt3
848 1260 1350 1320 ingensquelunicuhun
1374 1259 1929 1305 hiinedk)haerenszufis-

554 1330 631 1376 set,
666 1325 711 1368 ni
743 1323 911 1383 equites
934 1324 1121 1382 Agriani
1153 1325 1390 1369 calcaribus
1424 1323 1609 1368 subditis
1642 1323 1930 1368 circumfusos
1963 1341 1967 1348 ¹

554 1388 645 1444 regi
678 1388 886 1431 barbaros
909 1387 1054 1433 adorti
1076 1394 1233 1441 essent,
1258 1401 1518 1445 aversosque
1549 1386 1774 1431 caedendo
1805 1387 1851 1430 in
1886 1402 1932 1430 se

555 1451 721 1496 obverti
744 1450 999 1506 coegissent.
1066 1450 1261 1496 Turbata
1277 1457 1371 1495 erat
1395 1456 1578 1506 utraque
1599 1449 1728 1494 acies.
1794 1450 1931 1494 Alex-

555 1515 690 1558 ander
712 1522 757 1558 et
779 1529 805 1558 a
825 1514 968 1559 fronte
990 1519 1036 1559 et
1058 1529 1083 1558 a
1105 1520 1232 1572 tergo
1254 1514 1423 1559 hostem
1442 1512 1631 1557 habebat
1650 1528 1659 1557 :
1685 1512 1759 1570 qui
1781 1528 1933 1558 averso

556 1578 595 1621 ei
618 1577 854 1630 instabant,
879 1578 933 1621 ab
958 1577 1164 1635 Agrianis
1186 1578 1404 1635 equitibus
1436 1577 1750 1635 premebantur
1776 1592 1785 1621 :
1822 1576 1934 1620 Bac-

556 1640 698 1693 triani,
742 1640 1061 1699 impedimentis
1093 1640 1284 1686 hostium
1316 1639 1511 1698 direptis,
1544 1639 1720 1694 reversi,
1755 1640 1932 1684 ordines

555 1718 655 1747 suos
687 1717 941 1761 recuperare
974 1718 1064 1747 non
1097 1710 1328 1763 polterant;
1364 1703 1490 1762 plura
1521 1703 1649 1747 simul
1682 1703 1869 1762 abrupta
1903 1720 1928 1747 a

557 1767 709 1811 ceteris
752 1765 937 1824 agmina,
983 1766 1247 1826 ubicumque
1278 1766 1410 1811 alium
1458 1766 1530 1810 alii
1561 1766 1649 1810 fors
1682 1766 1928 1820 miscuerat,

558 1831 838 1874 dimicabant.
906 1829 1007 1874 Duo
1041 1845 1166 1888 reges
1181 1830 1346 1889 junctis
1368 1845 1503 1889 prope
1526 1829 1773 1888 agminibus
1807 1845 1934 1889 proe-

560 1894 665 1937 lium
697 1892 992 1938 accendebant
1018 1909 1028 1946 ;
1063 1894 1208 1950 plures
1234 1893 1385 1938 Persae
1407 1893 1622 1938 cadebant
1645 1909 1655 1945 ;
1688 1908 1767 1951 par
1797 1894 1934 1938 terme

561 1957 779 2015 utrimque
810 1971 1013 2000 numerus
1048 1957 1390 2003 vulnerabatur:
1426 1971 1556 2000 curru
1588 1955 1765 2011 Darius,
1798 1956 1935 2001 Alex-

560 2020 695 2064 ander
717 2034 828 2076 equo
853 2019 1120 2065 vehebatur:
1157 2029 1391 2078 utrumque
1423 2020 1582 2065 delecti
1612 2021 1937 2074 tuebantur-,sui

561 2084 856 2132 immemorem
892 2084 1050 2141 quippe
1073 2084 1228 2128 amisso
1252 2098 1354 2142 rege
1376 2098 1456 2127 nec
1490 2083 1691 2127 volebant
1713 2083 1936 2129 salvissesse

562 2162 640 2190 nec
664 2153 866 2204 poterant
889 2162 898 2190 ε
932 2157 1035 2191 ante
1057 2148 1205 2191 oculos
1226 2147 1293 2191 sui
1314 2147 1496 2205 quisque
1517 2147 1633 2204 regis
1656 2154 1839 2192 mortem
1862 2162 1935 2192 oc-

563 2211 764 2254 ‹nnnbere
797 2210 1017 2255 ducebant
1049 2211 1288 2268 egreghnn.
1336 2209 1939 2269 Rffaxhnunltanunipefieu-

562 2274 650 2316 lum
668 2273 861 2326 adibant,
886 2274 959 2332 qui
977 2274 1162 2317 maxime
1180 2274 1415 2319 tuebantur
1438 2289 1449 2327 ;
1483 2273 1643 2333 quippe
1657 2273 1740 2318 sibi
1756 2275 1939 2332 quisque

564 2337 674 2380 caesi
698 2337 813 2394 regis
835 2338 1067 2394 expetebat
1091 2338 1237 2382 decus.

626 2400 745 2445 LIX.
783 2400 1001 2452 Ceterum,
1037 2400 1127 2445 sive
1166 2400 1403 2445 ludibrium
1435 2399 1674 2452 oculorum,
1718 2401 1808 2446 sive
1837 2415 1940 2445 vera

564 2463 726 2521 speeies
747 2463 844 2518 fuit,
869 2464 941 2521 qui
964 2464 1080 2508 eirca
1102 2464 1405 2509 Alexandrum
1426 2470 1564 2518 erant,
1590 2464 1757 2508 vidisse·
1775 2479 1821 2509 se
1843 2480 1936 2509 ere-

565 2527 772 2572 diderunt
793 2527 1018 2586 paululum
1051 2543 1181 2585 super
1201 2533 1333 2586 caput
1364 2527 1480 2586 regis
1511 2527 1681 2586 placide
1714 2527 1936 2574 volantem

566 2590 766 2648 aquilam,
791 2606 881 2634 nen
912 2592 1059 2636 sonitu
1092 2605 1320 2646 armorum,
1343 2605 1431 2636 non
1455 2591 1625 2649 gemitu
1657 2591 1939 2637 morientium

565 2655 762 2698 territam
781 2670 791 2698 ε
817 2655 977 2712 diuque
990 2656 1106 2699 circa
1128 2670 1287 2714 equum
1304 2654 1547 2699 Alexandri
1570 2654 1781 2713 pendenti
1801 2656 1940 2714 magis

568 2732 697 2775 quam
714 2718 880 2762 volanti
900 2719 1061 2772 similis,
1086 2719 1300 2778 apparuit.
1367 2719 1499 2763 Certe
1520 2727 1641 2763 vates
1660 2717 1938 2772 Aristander,

571 2781 668 2825 alba
690 2789 809 2826 veste
830 2782 1010 2827 indutus
1043 2797 1089 2828 et
1111 2783 1266 2828 dextra
1289 2783 1535 2842 praeferens
1559 2782 1764 2835 lauream,
1789 2782 1939 2827 militi-

571 2845 650 2888 bus
671 2844 716 2888 in
739 2860 931 2903 pugnam
953 2846 1136 2892 intentis
1169 2862 1291 2891 avem
1316 2846 1592 2900 monstravit,
1615 2845 1733 2890 haud
1756 2845 1939 2890 dubium

575 2907 780 2953 victoriae
802 2910 1057 2968 auspieimn.
1144 2910 1306 2969 Ingens
1338 2925 1438 2968 ergo
1469 2910 1668 2956 alacritas
1699 2924 1750 2953 ae
1781 2910 1948 2954 fiducia·

573 2972 701 3029 paulo
723 2981 826 3019 ante
858 2974 1032 3020 territos
1066 2975 1265 3020 accendit
1287 2974 1343 3019 ad
1375 2988 1603 3035 pugnam3
1637 2972 1790 3030 utique
1820 2983 1941 3033 post-
