2192 3392
958 284 1155 336 namt
1187 284 1479 337 munus.
1850 290 1910 342 1⁷

539 414 606 464 rio
623 414 801 471 fimum,
822 413 1048 465 delituisse
1066 414 1183 464 inter
1212 414 1438 477 angustias
1458 412 1596 464 ιιΙιιιι
1615 414 1709 465 ritu
1738 416 1913 479 ignobi-

538 478 644 527 lium
682 477 887 535 fei-anun,
930 492 1056 540 quae,
1099 479 1285 541 strepitu
1330 478 1704 540 practueuntium
1745 480 1915 538 audito,

540 541 758 603 sylvarum
776 540 957 591 latebris
985 556 1033 590 se
1062 542 1363 591 occuluerint.
1394 541 1499 589 Jam
1528 541 1663 590 etiam
1692 543 1913 593 valetudi-

539 604 608 653 nis
627 603 904 654 simulatione
930 603 1129 654 frustrari
1160 620 1261 655 suos
1291 604 1466 662 milites,
1497 603 1577 653 sod
1605 620 1697 653 non
1726 607 1915 670 amplius

538 668 679 730 ipsum
720 682 815 717 esse
853 682 1036 730 pessum
953 670 1109 717 urum-⁴·
1151 668 1401 718 detrectare
1437 672 1685 724 certamen,
1736 671 1786 719 in
1837 670 1916 719 illo

539 746 685 793 specu,
728 731 777 779 in
815 746 947 794 quem
977 732 1127 795 pavidi
1157 731 1448 788 recessissent,
1480 745 1797 793 oppressurum
1821 749 1916 783 esse

538 800 810 844 cunctantes.

600 857 726 907 XIX.
790 858 916 907 Haec
929 857 1277 921 magnificentius
1290 857 1460 920 jactata
1462 872 1606 935 ‘quam
1625 858 1784 907 verius.
1830 859 1915 907 Ce-

538 928 695 980 terum,
716 923 903 984 pecunia
922 923 1042 970 omni
1060 922 1278 983 rebusque
1296 920 1616 984 pretiosissimis
1647 922 1914 971 Damascum

542 984 693 1062 Syriae
723 1001 824 1034 cum
853 986 1027 1034 modico
1056 984 1274 1048 praesidio
1314 985 1505 1033 militum
1534 985 1690 1043 missis,
1725 986 1916 1048 aliquas

540 1048 686 1112 copias
705 1049 756 1098 in
775 1049 974 1098 Ciliciam
994 1048 1137 1106 duxit,
1168 1048 1499 1110 insequentibus
1518 1063 1641 1097 more
1668 1049 1814 1111 patrio
1833 1064 1913 1111 ag-

540 1128 641 1161 men
659 1112 850 1175 conjugo
869 1118 917 1162 et
935 1119 1109 1168 matu,
1143 1111 1335 1172 virgines
1353 1127 1530 1173 quoque
1547 1127 1649 1160 cum
1773 1128 1803 1161 o
1823 1113 1915 1161 mio

541 1175 865 1226 comitabantur
877 1180 1066 1238 patrem.
1114 1174 1248 1223 Forte
1267 1174 1422 1223 eadem
1441 1181 1575 1223 nocte
1593 1182 1641 1224 et
1720 1176 1915 1225 exsudet

541 1239 598 1287 ad
618 1238 768 1288 fauces
796 1239 956 1302 quibus
977 1239 1107 1301 Syria
1136 1238 1297 1295 aditur,
1319 1243 1365 1286 et
1380 1237 1547 1286 Darius
1566 1239 1625 1287 ad
1646 1254 1747 1287 eum
1766 1239 1914 1288 locum

541 1317 671 1363 quem
701 1303 939 1351 Amanicas
970 1302 1104 1365 Pylas
1125 1308 1309 1361 vocant,
1342 1302 1556 1364 pervenit.
1621 1302 1718 1351 Neo
1738 1303 1915 1352 dubita-

541 1381 643 1414 vere
685 1366 858 1424 Persae,
891 1367 1012 1428 quin,
1045 1365 1140 1414 Isso
1168 1365 1323 1414 relicta
1352 1381 1483 1427 quam
1514 1372 1735 1428 ceperant,
1768 1366 1916 1415 Mace-

542 1430 681 1479 dones
693 1429 912 1491 fugerent.
975 1431 1092 1477 Nam
1107 1430 1239 1479 etiam
1269 1429 1408 1477 saucii
1434 1429 1615 1491 quidam
1645 1434 1692 1478 et
1720 1430 1916 1488 invalidi,

542 1495 618 1554 qui
633 1508 792 1555 agmen
813 1509 904 1542 non
924 1499 1132 1556 poterant
1158 1492 1373 1555 persequi,
1395 1493 1567 1554 excepti
1586 1499 1727 1542 erant.
1792 1495 1919 1551 Quos

541 1570 705 1614 omnes,
737 1557 952 1607 instinctu
981 1562 1337 1620 purpuratorum,
1366 1556 1552 1604 barbara
1575 1556 1754 1605 feritate
1781 1557 1920 1605 saevi-

543 1620 724 1678 entium,
762 1621 968 1682 praecisis
1002 1620 1256 1681 adustisque
1291 1619 1513 1677 manibus,
1544 1620 1829 1678 circumduci,
1869 1627 1920 1669 ut

543 1685 688 1741 copias
709 1699 810 1732 suas
838 1689 1084 1740 noscerent,
1117 1683 1309 1745 satisque
1338 1684 1541 1731 omnibus
1561 1685 1781 1745 spectatis,
1803 1699 1919 1732 nun-

545 1747 661 1797 ciare
680 1763 795 1810 quae
813 1747 1027 1796 vidissent
1046 1747 1143 1808 regi
1161 1762 1240 1795 suo
1254 1747 1404 1808 jussit.
1468 1747 1604 1795 Motis
1625 1763 1732 1809 ergo
1752 1748 1920 1805 castris,

546 1817 723 1873 superat
745 1811 955 1860 Pinarum
975 1826 1160 1868 amnem,
1182 1811 1230 1857 in
1249 1811 1401 1871 tergis,
1423 1816 1476 1859 ιιι
1496 1811 1717 1868 credebat,
1748 1811 1921 1872 fugien-

545 1876 655 1922 tium
675 1874 899 1923 haesurus.
963 1875 1029 1923 At
1048 1874 1115 1921 illi
1145 1888 1333 1935 quorum
1353 1879 1655 1935 amputaverat
1674 1889 1843 1932 manus,
1864 1875 1923 1922 ad

548 1943 690 1986 eastra
711 1938 1006 1985 Macedonum
1026 1943 1273 1999 penetrant,
1304 1936 1505 1994 Darium,
1535 1943 1702 1997 quanto
1732 1938 1923 1993 maximo

546 2016 675 2049 cursu
706 2006 867 2063 posset,
899 2000 1022 2060 sequi
1050 2001 1326 2048 nunciantes.
1391 2000 1481 2047 Vix
1508 2001 1618 2048 fides
1648 2001 1919 2056 habebatuu

548 2066 694 2124 itaque
734 2064 1028 2125 speculatores
1067 2064 1116 2112 in
1146 2064 1383 2111 maritimas
1422 2064 1625 2125 regiones
1665 2066 1925 2126 praemissos

551 2128 777 2189 explorare
805 2128 950 2190 jubet,
992 2128 1143 2189 ipsene
1172 2127 1346 2175 adesset
1385 2142 1443 2175 an
1483 2128 1803 2188 praefectorum
1844 2129 1925 2176 ali-

551 2191 649 2251 quis
678 2191 865 2253 speciem
904 2192 1176 2253 praebuisset
1205 2190 1398 2237 universi
1438 2192 1657 2239 venientis
1686 2192 1926 2240 exercitus.

553 2255 641 2302 Sed
692 2269 826 2314 quum
868 2255 1161 2317 speculatores
1200 2259 1538 2311 reverterentur,
1576 2256 1731 2316 procul
1770 2257 1930 2317 ingens

553 2317 792 2368 multitudo
811 2325 1044 2380 conspecta
1063 2324 1160 2372 est;
1181 2317 1309 2378 ignes
1337 2317 1498 2364 deinde
1528 2318 1635 2366 totis
1655 2320 1820 2380 eampis
1840 2319 1929 2367 col-

554 2384 698 2430 lucere
729 2389 983 2444 coeperunt,
1025 2382 1258 2440 omniaque
1297 2380 1419 2429 velut
1450 2381 1697 2430 continenti.
1725 2382 1932 2430 incendio

555 2446 707 2497 ardere
727 2445 834 2502 visa,
855 2460 990 2505 quum
1005 2445 1232 2493 incondita
1250 2444 1504 2501 multitudo,
1535 2446 1724 2493 maxime
1753 2452 1934 2508 propter

552 2510 767 2571 jumenta,
798 2509 942 2557 laxius
972 2509 1192 2556 tenderet.
1254 2508 1410 2567 Itaque
1440 2523 1494 2555 eo
1524 2509 1621 2570 ipso
1650 2509 1748 2556 loco
1778 2511 1935 2558 metari

560 2589 659 2622 suos
680 2578 824 2622 castra
836 2574 1043 2635 jusserat,
1064 2572 1220 2628 laetus,
1242 2572 1363 2631 quod
1382 2572 1502 2619 omni
1522 2572 1796 2634 expetiverat
1815 2579 1933 2631 voto,

558 2638 607 2686 in
626 2636 712 2685 illis
732 2636 1006 2711 potissimum
1025 2635 1239 2697 angustiis
1253 2636 1580 2682 decernendum
1599 2635 1710 2683 fore.

623 2700 725 2749 XX.
761 2696 983 2757 Ceteium,
1004 2705 1057 2748 ut
1077 2699 1189 2747 solet
1208 2699 1318 2754 fieri,
1331 2712 1475 2759 quum
1495 2699 1643 2748 ultimi
1674 2700 1940 2751 discriminis

564 2772 736 2825 tempus
766 2764 993 2821 adventat,
1034 2764 1084 2810 in
1119 2762 1442 2811 solicitudinem
1482 2779 1610 2811 versa
1650 2764 1813 2812 fiducia
1853 2772 1934 2814 cst.

565 2829 692 2878 Illam
722 2829 862 2890 ipsam
890 2828 1132 2885 fortunam,
1160 2840 1247 2887 qua
1269 2826 1492 2889 aspirante
1512 2842 1583 2875 res
1612 2833 1705 2876 tam
1735 2843 1943 2891 prospere-

612 2941 628 2961 ·
646 2936 674 2974 ι’.
687 2949 714 2978 e.
737 2936 787 2978 Sc
803 2936 1097 3001 (Dariumncn
1120 2947 1313 2987 passurum
1337 2945 1420 2977 esse
1443 2934 1565 2988 ipsum
1587 2935 1893 2989 (Alexandrum.)

1202 3002 1240 3049 B
1262 3003 1293 3050 2
