2208 3424
974 319 1170 367 LIBER
1204 320 1526 378 QUARTUS.
1876 322 1936 369 69

564 449 736 504 accedo,
755 447 839 493 hoc
858 448 1004 493 minus
1024 447 1089 503 iis,
1113 463 1224 508 quae
1245 449 1352 504 dixi,
1375 464 1552 510 possum
1573 463 1666 495 esse
1687 453 1935 497 contentus.

567 514 652 559 Per
672 526 756 571 ego
779 526 854 557 vos
876 512 981 557 deos
1000 512 1177 571 patrios,
1201 518 1515 573 aeternumque
1534 513 1695 572 ignem,
1716 512 1791 573 qui
1813 528 1938 573 prae-

564 578 702 622 fertur
723 575 945 630 altaribus,
964 574 1266 635 fulgoremque
1298 577 1399 622 solis
1430 577 1548 623 intra
1577 577 1686 622 fines
1707 578 1834 636 regni
1854 578 1940 622 mei

564 639 758 694 orientis,
781 653 859 698 per
890 644 1110 685 aeternam
1141 640 1392 685 memoriam
1425 640 1546 700 Cyri,
1579 640 1654 699 qui
1687 640 1940 700 ademptum

566 703 708 748 Medis
731 701 957 762 Lydisque
987 702 1214 762 imperium
1247 702 1412 763 primus
1442 704 1490 748 in
1520 703 1743 749 Persidem
1774 703 1939 757 intulit,

564 767 786 811 vindicate
807 765 862 810 ab
883 765 1038 811 ultimo
1061 766 1277 812 dedecore
1308 781 1469 812 nomen
1500 773 1766 827 gentemque
1789 766 1941 813 Persa-

566 846 679 875 rum.
746 829 815 875 Ite
831 829 990 875 alacres
1013 834 1058 874 et
1080 845 1156 890 spe
1177 829 1309 889 pleni,
1328 835 1392 885 ut,
1408 845 1539 889 quam
1554 830 1739 888 gloriam
1756 831 1944 890 accepis-

569 894 626 938 tis
648 909 673 937 a
693 892 930 951 majoribus
952 893 1120 948 vestris,
1144 893 1330 952 posteris
1351 894 1622 953 relinquatis.
1691 894 1745 939 In
1777 893 1944 940 dextris

567 957 721 1002 vestris
738 956 831 1015 jam
853 957 1117 1012 libertatem,
1141 971 1282 1016 opem,
1302 972 1421 1016 spem
1442 957 1579 1002 futuri
1601 957 1811 1018 temporis
1831 957 1946 1016 geri-

566 1021 638 1065 tis.
704 1020 875 1078 Effugit
895 1025 1095 1074 mortem,
1120 1020 1316 1079 quisquis
1347 1021 1687 1080 contempserit;
1721 1020 1946 1067 timidissi-

567 1099 684 1128 mum
700 1098 917 1143 quemque
938 1084 1232 1143 consequitur.
1300 1083 1400 1143 Ipse
1430 1098 1522 1128 non
1548 1084 1693 1143 patrio
1724 1099 1845 1130 more
1878 1098 1945 1128 so-

566 1148 670 1201 lum,
706 1147 785 1192 sed
816 1146 946 1193 etiam
979 1152 1035 1200 ut*
1062 1146 1254 1206 conspici
1285 1147 1458 1205 possim,
1493 1162 1624 1192 curru
1655 1148 1818 1193 vehor:
1865 1162 1947 1192 nec

571 1225 736 1265 recum,
761 1225 850 1269 quo
869 1210 1015 1255 minus
1036 1209 1267 1256 imitemini
1289 1225 1371 1265 me,
1396 1210 1487 1255 sive
1507 1211 1781 1257 fortitudinis
1803 1226 1948 1256 exem-

568 1273 701 1332 plum,
727 1273 819 1319 sive
839 1273 1041 1333 ignaviae
1062 1272 1216 1318 fuero?

630 1337 755 1382 LVI.
791 1337 863 1383 15.
898 1336 1081 1382 Interim
1104 1337 1371 1391 Alexander,
1395 1344 1446 1382 ut
1468 1342 1514 1383 et
1545 1337 1895 1382 demonstratum
1927 1353 1951 1382 a

567 1401 797 1459 transfuga
827 1400 1083 1446 insidiarum
1127 1400 1271 1444 locum
1314 1400 1577 1456 circumiret,
1610 1405 1656 1446 et
1689 1400 1842 1455 Dario,
1877 1401 1953 1460 qui

567 1464 738 1509 laevum
761 1479 898 1509 cornu
919 1464 1142 1518 tuebatur,
1167 1469 1429 1519 occurreret,
1453 1478 1612 1523 agmen
1634 1464 1862 1523 obliquum
1883 1465 1951 1508 in-

568 1527 722 1573 cedere
746 1527 890 1586 jubet.
970 1526 1129 1571 Darius
1172 1540 1346 1586 quoque
1376 1527 1532 1573 eodem
1565 1542 1692 1572 suum
1725 1527 1951 1579 obvertit;

570 1590 706 1635 Besso
729 1591 968 1643 admonito,
994 1596 1045 1635 ut
1071 1590 1344 1648 Massagetas
1365 1591 1532 1648 equites
1552 1591 1599 1636 in
1621 1591 1794 1636 laevum
1816 1591 1953 1635 Alex-

568 1654 696 1698 andri
713 1668 851 1699 cornu
872 1669 898 1699 a
918 1654 1057 1699 latere
1077 1653 1226 1698 invehi
1240 1654 1434 1712 juberet.
1500 1655 1600 1714 Ipse
1632 1660 1736 1700 ante
1758 1668 1804 1698 se
1824 1654 1954 1699 falca-

568 1723 638 1763 tos
660 1732 814 1762 currus
835 1717 1052 1769 habebat;
1077 1732 1188 1776 quos
1210 1717 1337 1776 signo
1355 1717 1460 1766 dato
1478 1718 1703 1762 universos
1719 1717 1766 1761 in
1783 1716 1954 1763 hostem

569 1780 724 1827 effudit
743 1796 754 1826 :
780 1781 968 1826 ruebant
985 1780 1143 1826 laxatis
1160 1779 1341 1825 habenis
1358 1780 1552 1840 aurigae,
1572 1796 1659 1840 quo
1681 1781 1827 1840 plures
1844 1794 1954 1825 non-

569 1844 673 1888 dum
697 1844 804 1889 satis
824 1844 999 1903 proviso
1020 1844 1190 1902 impetu
1205 1844 1473 1890 obtererent.
1536 1845 1662 1889 Alios
1679 1858 1787 1902 ergo
1802 1844 1955 1890 hastae

570 1908 759 1953 multum
782 1908 899 1952 ultra
919 1914 1119 1953 temones
1141 1906 1394 1961 eminentes,
1413 1908 1521 1953 alios
1537 1909 1593 1953 ab
1610 1914 1798 1967 utroque
1818 1907 1956 1953 latere

571 1970 775 2016 dimissae
814 1971 944 2016 falces
976 1971 1247 2015 laceravere:
1283 1985 1364 2015 nec
1396 1972 1555 2016 sensim
1588 1971 1854 2016 Macedones
1886 1985 1955 2016 ce-

570 2035 748 2089 debant,
774 2034 852 2079 sed
875 2034 1012 2079 effusa
1042 2033 1149 2092 fuga
1180 2034 1467 2079 turbaverant
1498 2034 1687 2079 ordines.
1751 2033 1956 2079 Mazaeus

570 2112 744 2157 quoque
765 2098 973 2157 perculsis
997 2104 1162 2142 metum
1184 2097 1380 2152 incussit,
1404 2097 1523 2143 mille
1555 2098 1777 2157 equitibus
1809 2098 1865 2143 ad
1889 2097 1955 2141 di-

571 2161 771 2220 ripienda
810 2161 948 2207 hostis
980 2161 1295 2219 impedimenta
1325 2161 1591 2206 circumvehi
1626 2161 1795 2221 jussis:
1835 2166 1958 2207 ratus

571 2225 767 2283 captivos
790 2239 976 2284 quoque,
998 2224 1074 2283 qui
1094 2224 1224 2269 simul
1245 2224 1603 2281 adservabantur,
1628 2230 1836 2284 rupturos
1859 2224 1956 2268 vin-

572 2288 682 2342 cula,
699 2302 836 2346 quum
859 2303 959 2333 suos
982 2287 1384 2347 adpropinquantes
1405 2288 1632 2335 vidissent.
1697 2288 1803 2334 Non
1834 2287 1956 2333 fefel—

572 2352 683 2397 lerat
717 2352 1066 2406 Parmenionem,
1101 2351 1177 2410 qui
1207 2352 1255 2396 in
1285 2352 1409 2397 laevo
1443 2367 1580 2397 cornu
1613 2357 1736 2398 erat:
1771 2366 1957 2411 propere

572 2415 709 2474 igitur
733 2415 1056 2475 Polydamanta
1084 2415 1224 2461 mittit
1256 2415 1313 2460 ad
1345 2430 1506 2474 regem,
1531 2416 1607 2476 qui
1639 2420 1684 2461 et
1715 2415 1958 2474 periculum

573 2479 840 2532 ostenderet,
856 2485 913 2535 et,
932 2479 1038 2538 quid
1060 2479 1154 2524 fieri
1168 2478 1361 2537 juberet,
1380 2480 1640 2525 consuleret.
1709 2479 1790 2524 Ille
1806 2478 1959 2524 audito

575 2543 907 2603 Polydamante,
934 2542 1058 2597 ‘Abi,
1080 2542 1273 2597 nuncia,’
1294 2543 1449 2601 inquit,
1471 2542 1787 2597 ‘Parmenioni‚
1811 2543 1844 2589 si
1868 2542 1960 2588 acie

574 2606 819 2661 vicerimus,
853 2621 943 2652 non
987 2611 1139 2652 nostra
1183 2607 1324 2651 solum
1370 2622 1451 2652 nos
1497 2612 1846 2667 recuperaturos,
1881 2606 1959 2650 sed

574 2670 719 2725 etiam,
754 2685 868 2729 quae
898 2670 1090 2716 hostiurn
1126 2675 1243 2725 sunt,
1269 2676 1575 2730 occupaturos.
1641 2669 1836 2715 Proinde
1867 2683 1959 2714 non

577 2739 644 2780 est
665 2734 784 2792 quod
805 2734 1043 2794 quidquam
1064 2734 1222 2779 virium
1245 2734 1463 2780 subducat
1485 2749 1541 2779 ex
1562 2734 1667 2789 acie,
1691 2734 1784 2788 sed,
1801 2738 1852 2779 ut
1873 2747 1956 2787 me,

576 2805 628 2844 ut
662 2797 866 2857 Philippo
895 2803 1021 2858 patre
1065 2798 1249 2858 dignum
1293 2803 1373 2853 est,
1407 2804 1662 2858 contempto
1695 2796 1960 2843 sarcinarum

578 2862 751 2918 damno,
775 2861 948 2908 fortiter
967 2861 1177 2909 dimicet·'
1239 2861 1422 2908 Interim
1453 2862 1627 2908 barbari
1647 2860 1961 2922 impedimenta

577 2926 863 2972 turbaverant
885 2942 896 2972 ι
945 2925 1167 2987 caesisque
1210 2925 1427 2985 plerisque
1480 2926 1728 2982 custodum,
1785 2924 1960 2985 captivi,

580 2988 762 3035 vinculis
783 2990 937 3051 ruptis,
962 2989 1175 3051 quidquid
1209 2989 1387 3036 obvium
1418 2995 1527 3047 erat,
1552 3005 1639 3050 quo
1672 2988 1829 3035 armari
1860 3002 1961 3048 pos-
