2208 3424
0 542 78 573 ino

0 605 74 645 nce,

0 669 79 710 2ec,

0 730 76 763 ire·

0 781 76 826 rari

0 848 77 890 uos

0 923 76 968 pus

0 987 76 1032 yro

0 1053 12 1080 3
33 1042 77 1081 et

0 1174 74 1205 am

0 1238 75 1268 ua—

0 1288 73 1347 gis,

2 1366 75 1395 um

0 1428 75 1460 mt-

0 1492 78 1523 ,era

10 1555 77 1586 es-

0 1605 79 1650 iili-

0 1675 76 1722 nit,

6 1809 77 1840 uni

6 1873 77 1903 um

5 1938 79 1967 eos

2 2012 3 2015 ,
21 2001 79 2045 go

3 2055 5 2088 l
32 2064 79 2095 as

7 2128 79 2158 ere

3 2195 15 2216 ο
26 2192 79 2221 ue

8 2252 78 2284 ur—

4 2308 6 2343 Ι
18 2318 79 2348 ias

10 2368 92 2411 ιι-’

9 2449 19 2471 ι
28 2445 78 2475 us

28 2508 81 2538 ue

10 2559 79 2613 ssi,

13 2636 81 2667 res

13 2701 80 2730 as-

7 2766 17 2789 ·
28 2765 83 2793 uc

25 2877 79 2931 ia,

13 2959 24 2980 ι
32 2955 81 2985 ra

878 334 1107 392 QUINTI
1140 332 1363 381 CUR'I'II
1397 332 1567 380 RUFI.
1845 335 1901 384 37

540 468 672 509 runt:
706 466 763 518 et,
787 478 887 510 cum
906 476 1110 523 magnam
1130 464 1217 508 vim
1238 462 1358 509 venti
1379 463 1474 509 vela
1494 477 1668 524 quoque
1688 462 1908 523 concepis-

542 531 651 580 sent,
686 527 886 574 celeriter
917 527 973 572 ad
1004 526 1161 571 molem
1195 527 1414 573 successit.
1480 527 1621 582 Tunc,
1654 541 1783 587 prora
1814 524 1906 585 ejus

538 603 731 646 accensa,
754 592 942 650 remiges
954 590 1152 636 desiliere
1171 591 1218 635 in
1234 590 1428 649 scaphas,
1453 603 1560 647 quae
1582 590 1637 635 ad
1659 591 1742 634 hoc
1761 590 1905 650 ipsum

540 660 821 711 praeparatae
852 655 1143 714 sequebantur
1166 670 1176 700 ε
1211 654 1334 699 navis
1366 660 1528 709 autem,
1550 654 1649 711 igne
1679 659 1907 714 concepto,

539 713 670 761 latius
689 716 875 763 fundere
895 717 1144 763 incendium
1166 717 1310 777 coepit
1332 733 1343 771 ;
1378 717 1509 774 quod,
1534 717 1780 775 priusquam
1803 730 1924 778 pos·'

537 786 602 823 set
621 781 802 835 occurri,
825 786 968 827 turres
988 787 1033 827 et
1055 793 1201 827 cetera
1231 795 1363 840 opera
1382 781 1430 825 in
1452 781 1593 839 capite
1617 780 1741 824 molis
1761 781 1905 841 posita

539 844 889 902 comprehendit.
964 845 1030 891 At
1072 845 1145 903 qui
1187 843 1439 889 desilierunt
1468 843 1515 887 in
1547 858 1684 903 parva
1714 844 1902 903 navigia,

536 906 663 962 faceS,
694 913 740 953 et
771 908 978 969 quidquid
1021 908 1180 954 alendo
1217 907 1311 965 igni
1346 912 1497 966 aptum
1535 912 1644 959 erat,
1676 906 1722 950 iu
1753 909 1906 953 eadem

530 983 661 1028 opera
680 970 904 1029 ingerunt.
966 972 1154 1029 Jamque
1175 985 1265 1015 non
1282 971 1412 1015 modo
1429 969 1721 1015 Macedonum
1741 975 1900 1024 turres,

534 1031 612 1077 sed
633 1034 763 1079 etiam
784 1050 953 1080 summa
968 1035 1164 1082 tabulata
1194 1040 1485 1093 conceperant
1504 1034 1652 1092 ignem
1674 1049 1686 1088 ;
1719 1048 1853 1092 quum
1874 1035 1905 1080 ii

535 1097 607 1154 qui
629 1097 676 1142 in
697 1099 891 1144 turribus
912 1104 1038 1144 erant
1067 1098 1228 1158 partim
1260 1096 1540 1142 haurirentur
1562 1096 1779 1153 incendio,
1802 1113 1902 1158 par-

536 1160 628 1215 tim,
652 1162 781 1206 armis
813 1162 993 1217 omissis,
1016 1162 1064 1206 in
1086 1176 1204 1206 mare
1225 1160 1445 1219 semetipsi
1476 1160 1774 1207 immitterent.
1839 1162 1904 1209 At

533 1222 669 1281 Tyrii,
693 1224 767 1282 qui
782 1240 938 1284 capere
952 1225 1025 1270 eos
1039 1238 1169 1282 quam
1184 1222 1430 1269 interficere
1443 1223 1637 1278 mallent,
1655 1224 1903 1271 natantium

532 1301 685 1332 manus
716 1284 938 1347 stipitibus
970 1289 1169 1346 saxisque
1210 1287 1476 1341 lacerabant,
1509 1287 1650 1332 donec
1683 1287 1901 1335 debilitati

530 1349 710 1409 impune
750 1351 936 1411 navigiis
967 1351 1109 1411 excipi
1139 1356 1328 1410 possent.
1394 1351 1490 1395 Nec
1528 1350 1734 1396 incendio
1764 1352 1907 1397 solum

529 1428 660 1472 opera
702 1420 958 1475 consumpta
980 1432 990 1469 ;
1035 1415 1113 1460 sed
1144 1415 1258 1460 forte
1299 1413 1453 1459 eodem
1495 1414 1567 1458 die
1607 1415 1907 1462 vehementior

528 1485 684 1523 ventus
705 1486 873 1524 motum
890 1494 945 1524 ex
965 1478 1184 1538 profundo
1201 1492 1321 1522 mare
1335 1477 1457 1522 illisit
1470 1477 1516 1521 in
1529 1477 1701 1533 molem,
1719 1479 1902 1524 crebris·-

527 1554 612 1599 que
651 1540 857 1587 fluetibus
889 1556 1119 1602 compages
1151 1541 1293 1601 operis
1325 1541 1577 1587 verberatae
1609 1556 1656 1585 se
1686 1542 1901 1597 laxavere,

528 1617 717 1662 saxaque
731 1604 971 1650 intel-luens
1003 1605 1124 1650 unda
1154 1605 1346 1649 medium
1368 1619 1478 1663 opus
1507 1605 1640 1663 rupit.
1706 1604 1906 1651 Prorutis

524 1667 662 1725 igitur
682 1666 877 1727 lapidum
894 1669 1091 1723 cumulis,
1109 1668 1266 1726 quibus
1278 1666 1439 1726 injecta
1455 1673 1571 1713 terra
1592 1668 1902 1726 sustinebatur,

524 1745 729 1790 praeceps
760 1731 806 1775 in
837 1732 1104 1791 profundum
1135 1732 1255 1777 ruit:
1290 1736 1525 1788 tantaeque
1554 1732 1680 1776 molis
1709 1732 1782 1777 vix
1814 1733 1904 1779 ulla

526 1793 710 1853 vestigia
730 1796 898 1841 invenit
921 1795 1087 1840 Arabia
1107 1795 1280 1839 rediens
1304 1795 1568 1840 Alexander.

586 1858 690 1905 XII.
725 1857 827 1913 Hic,
852 1858 970 1917 quod
1001 1859 1048 1903 in
1070 1859 1263 1903 adversis
1284 1859 1414 1903 rebus
1437 1858 1547 1903 solet
1578 1858 1687 1914 fieri,
1711 1859 1820 1905 alius
1852 1861 1899 1905 in

522 1921 655 1967 alium
677 1922 849 1981 culpam
870 1921 1100 1976 referebat,
1135 1936 1267 1979 quum
1290 1936 1440 1965 omnes
1459 1922 1600 1967 verius
1631 1922 1688 1966 de
1718 1924 1898 1968 saevitia

523 1986 651 2033 maris
683 1986 804 2045 queri
825 1992 1019 2045 possent.
1070 1985 1185 2030 -Rex
1207 1985 1310 2029 novi
1330 1985 1473 2043 operis
1505 1985 1664 2029 molem
1686 2000 1822 2042 orsus,
1847 1989 1891 2031 in

517 2048 746 2095 adversum
767 2056 947 2094 ventum
981 2063 1071 2094 non
1101 2049 1250 2101 latere,
1286 2048 1362 2093 sed
1394 2053 1514 2093 recta
1544 2048 1691 2094 fronte
1712 2049 1888 2097 direxit.

518 2112 586 2157 Ea
607 2118 752 2159 cetera
773 2128 921 2171 opera,
945 2113 1066 2158 velut
1088 2113 1169 2156 sub
1190 2113 1284 2171 ipsa
1306 2111 1502 2165 latentia,
1527 2112 1737 2158 tuebatur
1759 2129 1770 2166 ;
1794 2113 1894 2159 lati-

518 2176 715 2222 tudinem
747 2190 917 2235 quoque
938 2176 1089 2235 aggeri
1110 2175 1282 2234 adjecit,
1308 2180 1357 2220 ut
1379 2180 1521 2219 turres
1542 2176 1589 2220 in
1610 2176 1754 2221 medio
1776 2192 1893 2222 erec-

518 2246 591 2285 tae
611 2239 763 2300 procul
782 2245 801 2284 t
829 2239 860 2283 ἙΞ
875 2238 999 2298 jactu
1022 2240 1237 2284 abessent.
1275 2238 1408 2284 Totas
1432 2244 1578 2283 autem
1596 2240 1771 2285 arbores
1793 2256 1893 2286 cum

515 2304 768 2363 ingentibus
788 2303 919 2347 ramis
938 2302 984 2347 in
1005 2302 1144 2349 altum
1159 2302 1396 2361 jaciebant,
1420 2300 1580 2347 deinde
1602 2302 1717 2347 saxis
1739 2318 1895 2349 onera-

517 2368 658 2420 bant3
692 2381 841 2412 rursus
874 2366 1048 2411 cumulo
1080 2381 1231 2411 eorum
1264 2364 1368 2410 alias
1400 2365 1575 2410 arbores
1606 2366 1889 2424 injiciebant:

513 2435 609 2477 tum
628 2430 785 2475 humus
817 2430 1141 2487 agger-ebatum
1174 2443 1388 2488 superque
1419 2428 1504 2474 alia
1535 2438 1656 2475 strue
1686 2445 1890 2476 saxorum

515 2494 803 2552 arborumque
846 2493 1080 2547 cumulata,
1126 2493 1246 2538 velut
1284 2492 1472 2549 quodam
1515 2507 1632 2537 nexu
1663 2495 1893 2541 continens

516 2572 625 2618 opus
638 2558 893 2617 junxerant.
960 2556 1055 2601 Nec
1079 2555 1218 2616 Tyrii,
1241 2555 1455 2613 quidquid.
1488 2556 1543 2600 ad
1566 2556 1891 2616 impediendam

514 2621 673 2667 molem
689 2619 927 2678 excogitari
940 2625 1128 2679 poterat,
1145 2620 1338 2678 segniter
1359 2620 1723 2677 exsequebantur.
1759 2621 1892 2667 Prae-

517 2685 693 2744 cipuum
729 2683 941 2729 auxilium
982 2690 1090 2738 erat,
1125 2684 1198 2741 qui
1231 2682 1383 2742 procul
1426 2683 1618 2729 hostium
1656 2692 1891 2744 conspectu

516 2749 721 2797 subibant
742 2747 1176 2805 aquam‚occultoque
1196 2747 1321 2805 lapsu
1342 2747 1399 2790 ad
1421 2747 1579 2791 molem
1601 2762 1737 2805 usque
1757 2764 1891 2808 pene-

515 2812 705 2867 trabant,
748 2810 929 2857 falcibus
966 2810 1165 2870 palmites
1201 2810 1406 2855 arborum
1439 2810 1724 2857 eminentium
1754 2813 1812 2857 ad
1844 2828 1890 2858 se

513 2875 765 2922 trahentes:
799 2889 910 2933 quae
929 2874 1005 2920 ubi
1036 2879 1246 2932 sequutae
1266 2879 1406 2927 eraut,
1439 2875 1644 2934 pleraque
1666 2889 1810 2920 secum
1843 2878 1888 2921 in

512 2938 780 2999 profundum
800 2939 966 2984 dabant
987 2953 998 2991 ;
1031 2942 1128 2984 tum
1148 2937 1314 2983 levatos
1336 2952 1469 2982 onere
1490 2939 1658 2998 stipites
1690 2944 1889 2988 truncos-

513 3016 599 3061 que
638 3002 840 3049 arborum
871 3001 991 3048 haud
1021 3016 1153 3062 aegre
1176 3001 1509 3110 lrJnoliebantur:
1554 3001 1715 3047 deinde
1747 3008 1889 3050 totum
