2192 3392
953 280 1147 330 LIBER
1181 278 1470 328 TERTIUS.
1830 283 1889 329 21

533 408 762 455 Persarum
782 409 946 468 equites
965 407 1167 457 ferociter
1196 409 1243 455 in
1262 408 1432 455 laevum
1454 423 1588 455 cornu
1608 409 1799 457 hostium
1829 410 1896 455 in-

533 473 647 520 vecti
668 478 783 520 sunt.
849 473 1023 533 Qiuppe
1065 472 1226 518 Darius
1254 473 1443 530 equestri
1472 473 1635 533 praelio
1667 473 1903 519 decernere

535 536 729 597 optabat,
767 536 1021 597 phalangem
1064 535 1338 582 Macedonici
1379 536 1595 582 exercitus
1623 538 1758 583 robur
1808 551 1901 583 esse

534 598 812 659 conjectans;
838 599 1014 659 jamque
1055 599 1186 646 etiam
1218 600 1422 645 dextrum
1474 599 1717 646 Alexandri
1763 615 1899 646 cornu

534 663 855 710 circumibatur.
898 663 1038 718 >Quod
1060 664 1135 709 ubi
1157 662 1342 709 Macedo
1363 663 1604 722 conspexit,
1623 664 1792 709 duabus
1822 664 1902 710 alis

535 727 727 785 equitum
759 727 818 773 ad
851 726 1001 787 jugum
1031 727 1193 773 montis
1215 726 1349 785 jussis
1380 726 1625 783 subsistere,
1658 733 1824 773 ceteros
1854 727 1902 773 in

533 791 724 835 medium
754 790 859 837 belli
897 791 1128 836 discrimen
1159 795 1337 836 strenue
1366 789 1587 836 transfert.
1669 790 1902 837 Subductis

535 854 694 900 deinde
731 869 787 903 ex
821 855 911 900 acie
943 855 1163 901 Thessalis
1192 853 1421 912 equitibus,
1460 853 1724 913 praefectum
1755 868 1903 899 eorum

535 918 704 964 occulte
733 918 958 964 circumire
972 924 1146 976 tergum
1177 931 1352 964 suorum
1373 917 1516 976 jubet,
1541 917 1903 976 Parmenionique

535 980 757 1041 conjungi,
782 990 827 1028 et
843 982 957 1040 quod
977 982 1013 1027 is
1034 980 1289 1041 imperasset
1320 981 1506 1040 impigre
1526 981 1717 1040 exsequi.
1778 981 1901 1027 Jam-

534 1058 618 1102 que
661 1046 742 1105 ipsi
790 1046 837 1090 in
882 1045 1072 1092 medium
1121 1042 1398 1106 [Persarum]
1433 1044 1626 1102 undique
1655 1045 1902 1090 circumfusi

533 1109 710 1167 egregie
730 1125 777 1155 se
808 1110 1056 1155 tuebantur.
1123 1108 1211 1154 Sed
1232 1108 1433 1162 conserti,
1458 1114 1504 1154 et
1525 1108 1646 1166 quasi
1668 1109 1901 1154 cohaeren-

534 1178 616 1226 tes,
648 1172 738 1218 tcla
758 1173 927 1218 vibrare
950 1187 1047 1217 ‘non
1080 1177 1284 1231 poterant
1308 1188 1318 1217 :
1352 1172 1479 1218 simul
1512 1178 1637 1217 erant
1666 1172 1833 1226 emissa,
1856 1173 1903 1216 in

535 1235 711 1282 eosdem
732 1236 1037 1282 concurrentia
1055 1235 1404 1295 implicabantur,
1426 1235 1599 1293 levique
1619 1241 1664 1281 et
1684 1250 1794 1280 vano
1814 1235 1904 1281 ictu

536 1313 673 1358 pauca
702 1299 748 1344 in
780 1299 963 1353 hostem,
996 1299 1123 1359 plura
1163 1299 1208 1344 in
1229 1300 1411 1344 humum
1441 1299 1623 1344 innoxia
1653 1299 1869 1345 cadebant
1892 1315 1902 1343 ε

537 1377 644 1421 ergo
666 1363 860 1410 cominus
880 1378 1072 1423 pugnam
1102 1363 1239 1409 coacti
1261 1378 1500 1418 conserere,
1524 1363 1693 1422 gladios
1721 1362 1906 1423 impigre

536 1425 772 1486 stringunt.
841 1427 953 1472 Tum
996 1442 1098 1473 vero
1141 1427 1326 1474 multum
1359 1427 1581 1486 sanguinis
1621 1426 1763 1472 fusum
1806 1432 1900 1473 est:

534 1490 647 1535 duae
677 1492 836 1551 quippe
857 1490 1052 1537 acies'ita
1072 1490 1374 1547 cohaerebant,
1398 1497 1446 1537 ut
1468 1490 1598 1536 armis
1619 1504 1740 1536 arma
1760 1491 1904 1550 pulsa-

533 1559 646 1609 rent,
669 1568 895 1602 mucrones
915 1554 962 1600 in
982 1570 1060 1601 ora
1078 1554 1334 1613 dirigerent.
1397 1554 1501 1599 Non
1523 1553 1692 1609 timido,
1715 1568 1806 1600 non
1837 1553 1904 1612 ig-

532 1631 647 1662 navo
667 1632 835 1664 cessare
854 1623 947 1665 tum
967 1618 1119 1671 licuit-3
1144 1617 1303 1666 collato
1324 1618 1446 1678 pede,
1469 1618 1589 1677 quasi
1609 1617 1769 1677 singuli
1790 1617 1906 1664 inter

530 1695 576 1725 se
597 1680 867 1737 dimicarent,
890 1681 937 1727 in
957 1681 1112 1728 eodem
1128 1681 1313 1741 vestigio
1327 1683 1515 1736 stabant,
1534 1681 1673 1727 donec
1689 1681 1904 1726 vincendo

530 1743 673 1789 locum
706 1745 788 1790 sibi
819 1744 1026 1792 facerent.
1091 1744 1206 1790 Tum
1246 1746 1422 1791 demum
1452 1761 1561 1805 ergo
1591 1745 1904 1804 promovebant

527 1808 729 1866 gradum,
765 1823 895 1867 quum
929 1809 1101 1855 hostem
1134 1814 1475 1868 prostraverant.
1541 1809 1604 1855 At
1635 1810 1734 1854 illos
1765 1823 1903 1853 novus

524 1871 769 1931 excipiebat
791 1873 1063 1919 adversarius
1094 1872 1303 1931 fatigatos
1322 1890 1332 1918 :
1367 1888 1447 1918 nec
1469 1873 1698 1927 vulnerati,
1723 1878 1774 1919 ut
1794 1872 1900 1918 alias

525 1935 680 1989 solent,
720 1936 814 1982 acie
844 1942 1048 1995 poterant
1080 1936 1305 1991 excedere,
1337 1950 1469 1998 quum
1493 1936 1630 1982 hostis
1662 1937 1846 1983 instaret
1876 1951 1902 1982 a

522 1997 683 2051 fronte,
706 2014 731 2043 a
753 2005 879 2058 tergo
900 1999 966 2044 sui
987 2004 1208 2058 urgerent.

587 2061 755 2107 XXVI.
790 2062 1042 2109 Alexander
1062 2078 1154 2109 non
1175 2062 1296 2109 ducis
1321 2062 1457 2122 magis
1478 2076 1608 2121 quarn
1632 2063 1783 2109 militis
1806 2078 1898 2108 mu-

524 2139 631 2170 nera
651 2127 975 2183 exsequebatur,
999 2126 1191 2186 opimum
1208 2126 1342 2171 decus
1358 2141 1483 2173 caeso
1505 2126 1632 2185 Rege
1652 2132 1862 2186 expetens
1886 2145 1896 2173 ε

524 2188 683 2248 quippe
714 2188 876 2234 Darius
917 2204 1046 2236 curru
1078 2190 1273 2235 sublimis
1303 2190 1538 2245 eminebat,
1572 2195 1617 2236 et
1648 2191 1736 2235 suis
1766 2190 1824 2236 ad
1854 2207 1900 2237 se

524 2252 749 2304 tuendum,
768 2259 815 2299 et
834 2252 1030 2300 hostibus
1046 2254 1105 2298 ad
1125 2253 1441 2308 incessendum,
1465 2254 1622 2312 ingens
1640 2254 1898 2300 incitamen-

524 2321 634 2361 tum.
721 2315 843 2375 Ergo
873 2317 1007 2364 frater
1039 2316 1132 2375 ejus
1166 2316 1401 2371 Oxathres,
1428 2331 1564 2375 quum
1596 2317 1897 2363 Alexandrum

522 2378 685 2425 instare
705 2380 745 2424 ci
766 2386 977 2436 cerneret,
1008 2381 1174 2439 equites
1207 2380 1362 2438 quibus
1392 2386 1591 2440 praeerat
1622 2388 1726 2427 ante
1757 2381 1898 2440 ipsum

524 2457 697 2490 currum
719 2443 835 2503 regis
856 2444 1038 2503 objecit;
1072 2444 1205 2490 armis
1236 2450 1281 2490 et
1313 2444 1467 2489 robore
1489 2445 1681 2504 corporis
1714 2445 1899 2491 multum

526 2521 655 2566 super
677 2515 845 2553 ceteros
877 2508 1085 2561 eminens,
1110 2508 1254 2553 animo
1277 2523 1380 2553 vcro
1402 2515 1446 2553 et
1468 2509 1632 2567 pietate
1663 2508 1710 2553 in
1731 2509 1898 2567 paucis-

524 2570 657 2624 simis,
691 2571 766 2616 illo
790 2571 937 2629 utique
956 2572 1135 2631 praelio,
1159 2571 1313 2626 clarus,
1338 2572 1443 2617 alios
1464 2571 1710 2631 improvide
1729 2572 1897 2619 instan-

524 2640 590 2680 tes
621 2635 868 2692 prostravit‚
900 2636 1007 2684 alios
1038 2636 1085 2681 in
1115 2636 1262 2694 sugam
1296 2635 1470 2683 avertit.
1534 2635 1598 2681 At
1620 2635 1896 2692 Macedones,

525 2704 574 2744 ut
610 2698 725 2743 circa
755 2713 896 2757 regem
927 2705 1066 2755 erant,
1099 2707 1251 2746 mutua
1282 2698 1574 2746 adhortatorie
1603 2699 1777 2754 firmati,
1801 2715 1898 2745 cum

525 2762 619 2821 ipso
650 2762 696 2809 in
727 2763 920 2820 equitum
952 2779 1112 2823 agmen
1142 2763 1405 2823 irrumpunt.
1469 2762 1584 2808 Tum
1615 2778 1719 2809 vero
1749 2763 1899 2809 similis

523 2826 674 2873 ruinae
694 2831 861 2886 strages
890 2833 1000 2874 erat.
1064 2828 1194 2873 Circa
1224 2841 1397 2873 currum
1430 2826 1559 2873 Darii
1582 2826 1790 2886 jacebant
1819 2842 1898 2873 no-

524 2889 721 2935 bilissimi
743 2890 888 2947 duces,
910 2897 1012 2938 ante
1027 2891 1175 2937 oculos
1195 2891 1312 2951 regis
1328 2890 1500 2950 egregia
1522 2896 1663 2938 morte
1685 2890 1895 2946 defuncti,

526 2968 675 2999 omnes
694 2953 739 3002 in
761 2969 840 3002 ora
861 2955 998 3020 proni,
1031 2956 1141 3003 sicut
1174 2955 1431 3002 dimicantes
1452 2955 1787 3016 procubuerant,
1820 2956 1895 3001 ad-
