2208 3424
351 2514 353 2516 ·
328 2014 369 2497 ἠάεᾶὶὲἷᾶζὸὲῶᾖπῑυυᾳη

972 322 1165 371 LIBER
1199 321 1516 380 QUARTUS.
1873 322 1931 369 55

570 449 706 497 ander
736 450 972 514 explorata,
1004 451 1165 497 deinde
1205 456 1468 512 contempta,
1502 449 1767 511 praefectum
1802 448 1935 494 Paeo-

571 529 676 559 num
708 515 902 572 equitum
931 514 1142 562 Aristona
1176 514 1333 562 laxatis
1376 514 1557 561 habenis
1599 511 1747 558 invehi
1786 510 1935 571 jussit.

572 576 760 637 Insignis
782 593 833 624 eo
856 578 928 624 die
958 593 1108 639 pugna
1137 579 1346 639 equitum,
1380 583 1424 625 et
1453 576 1684 638 praecipue
1715 575 1936 623 Aristonis

569 640 680 687 fuit:
726 641 991 700 praefectum
1031 642 1247 701 equitatus
1285 641 1515 687 Persarum
1547 639 1835 699 Satropatem,
1868 638 1935 684 di-

571 710 691 750 recta
730 705 778 749 in
819 711 999 764 gutture
1038 705 1178 762 hasta,
1219 704 1453 760 transfixit,
1496 704 1819 763 fugientemque
1858 717 1937 764 per

572 768 737 813 medios
767 768 914 814 hostes
945 775 1250 829 consequutus,
1285 783 1341 814 ex
1383 782 1493 827 equo
1535 766 1850 827 praecipitavit,
1892 774 1937 811 et

570 831 813 877 obluctanti
835 839 965 891 eaput
984 833 1135 892 gladio
1165 832 1381 893 dempsit:
1401 830 1533 890 ‚quod
1563 830 1750 876 relatum
1781 844 1939 890 magna

571 909 667 938 cum
690 894 819 940 laude
839 900 942 942 ante
962 895 1077 955 regis
1098 896 1230 956 pedes
1249 894 1410 955 posuit.

634 957 849 1003 XXXIX.
884 959 956 1005 10.
992 959 1138 1005 Biduo
1167 959 1226 1005 ibi
1258 974 1337 1004 rex
1358 959 1516 1005 stativa
1537 956 1704 1013 habuit,
1727 957 1773 1002 in
1794 956 1940 1016 proxi·

572 1033 693 1066 mum·
721 1021 881 1067 deinde
910 1022 994 1069 iter
1025 1022 1303 1083 pronunciari
1337 1022 1485 1081 Jussit.
1565 1021 1653 1067 Sed
1685 1020 1823 1079 prima
1851 1019 1943 1065 fere

573 1084 721 1143 vigilia
741 1084 846 1131 luna
866 1086 1086 1138 deficiens,
1109 1085 1294 1145 primum
1318 1086 1505 1131 nitorem
1528 1083 1680 1130 sideris
1702 1084 1769 1129 sui
1790 1083 1941 1129 condi-

572 1148 639 1194 ‹lit
657 1164 668 1201 3
702 1147 863 1193 deinde
884 1149 1107 1209 sanguinis
1128 1149 1271 1195 colore
1292 1149 1455 1194 suffuso
1475 1148 1623 1193 lumen
1644 1160 1776 1192 omne
1795 1146 1942 1193 foeda-

572 1211 649 1265 vit,
673 1211 936 1271 solicitisque
957 1212 1039 1258 sub
1059 1212 1201 1271 ipsum
1219 1211 1335 1258 tanti
1356 1210 1612 1257 discriminis
1628 1225 1772 1255 casum
1789 1210 1943 1269 ingens

573 1274 741 1333 religio,
774 1280 820 1321 et
851 1290 906 1320 ex
936 1290 987 1321 ea
1017 1275 1204 1321 formido
1237 1275 1462 1334 quaedam,
1495 1274 1667 1319 incussa
1700 1279 1780 1319 est.
1845 1273 1944 1318 Diis

573 1338 724 1384 invitis
744 1337 791 1383 in
812 1338 987 1384 ultimas
1009 1344 1148 1385 terras
1168 1339 1284 1385 trahi
1313 1353 1361 1384 se
1391 1338 1712 1397 querebantur:
1741 1336 1833 1394 jam
1863 1351 1945 1382 nee

572 1401 754 1447 flumina
773 1416 900 1461 posse
920 1402 1044 1457 adiri,
1067 1417 1149 1448 nec
1180 1402 1323 1448 sidera
1355 1402 1587 1462 pristinum
1619 1406 1841 1461 praestare
1861 1400 1945 1445 ful-

573 1480 724 1523 gorem
746 1481 755 1510 :
782 1475 925 1512 vastas
946 1471 1099 1521 terras,
1115 1466 1286 1511 deserta
1308 1466 1456 1510 omnia
1470 1478 1699 1510 occurrere
1717 1481 1727 1510 :
1750 1463 1798 1509 in
1819 1464 1946 1509 unius

574 1528 760 1573 hominis
784 1528 1072 1588 jactationem
1115 1535 1184 1576 tot
1215 1529 1397 1575 millium
1429 1527 1686 1587 sanguinem
1716 1527 1910 1586 impendi
1934 1544 1943 1572 z

572 1591 748 1637 fastidio
769 1607 862 1638 esse
882 1594 1093 1652 patriamz
1127 1592 1319 1638 abdicari
1352 1592 1601 1652 Philippum
1632 1596 1815 1651 patrem,
1848 1605 1946 1637 eoem

527 1669 529 1673 ·
573 1656 664 1700 lum
697 1655 819 1701 vanis
850 1656 1183 1714 cogitationibus
1212 1657 1317 1716 peti.
1381 1656 1483 1702 Jam
1524 1669 1604 1716 pro
1636 1654 1849 1701 seditione
1879 1669 1949 1700 res

574 1724 680 1772 erat,
732 1733 862 1778 quum
902 1719 960 1765 ad
1007 1720 1156 1765 omnia
1198 1719 1438 1775 interritus,
1472 1719 1605 1764 duces
1647 1716 1947 1778 principesque

575 1782 760 1828 militum
776 1783 1024 1841 frequentes
1046 1784 1198 1829 adesse
1217 1784 1450 1843 praetorio,
1469 1782 1800 1842 Aegyptiosque
1813 1787 1945 1835 vates,

576 1860 682 1904 quos
704 1846 812 1891 coeli
849 1861 900 1891 ae
931 1846 1123 1892 siderum
1154 1847 1433 1905 peritissimos
1466 1861 1559 1892 esse
1590 1845 1808 1899 credebat,
1842 1845 1948 1904 quid

575 1909 789 1955 sentirent
821 1924 1075 1969 expromere
1100 1910 1243 1969 jubet.
1328 1911 1393 1956 At
1422 1910 1502 1966 illi,
1532 1909 1606 1968 qui
1636 1909 1743 1955 satis
1772 1907 1946 1963 scirent,

573 1978 818 2031 temporum
863 1973 990 2018 orbes
1035 1973 1216 2032 implere
1261 1973 1501 2019 destinatas
1546 1972 1671 2028 vices,
1715 1972 1948 2031 lunamque

574 2035 772 2091 deficere,
796 2049 927 2095 quum
951 2042 1026 2083 aut
1056 2041 1218 2082 terram
1249 2037 1430 2092 subiret,
1452 2042 1530 2083 aut
1551 2036 1641 2082 sole
1661 2042 1946 2096 premeretur,

573 2098 786 2145 rationem
816 2098 990 2157 quidem
1029 2099 1134 2160 ipsis
1164 2107 1414 2161 perceptam
1446 2115 1537 2145 non
1567 2099 1755 2146 edocent
1775 2099 1947 2160 vulgus,

576 2170 767 2208 ceterum
790 2163 1019 2219 affirmant,
1043 2163 1177 2209 solem
1203 2163 1472 2209 Graecorum
1503 2164 1649 2208 lunam
1679 2177 1773 2208 esse
1794 2162 1947 2209 Persa-

575 2239 669 2269 rum
690 2241 700 2270 :
735 2226 906 2284 quoties
926 2225 1002 2272 illa
1022 2226 1212 2281 deficiat,
1234 2227 1405 2272 ruinam
1436 2233 1714 2287 stragemque
1735 2226 1819 2271 illis
1838 2241 1947 2285 gen-

576 2288 692 2334 tibus
714 2290 918 2349 portendi
941 2305 951 2335 :
984 2295 1217 2348 veteraque
1247 2291 1448 2351 exempla
1477 2296 1736 2350 percensent
1758 2289 1948 2336 Persidis

574 2367 743 2411 regum,
775 2367 884 2411 quos
915 2353 1107 2400 adversis
1138 2353 1220 2399 diis
1267 2369 1484 2415 pugnasse
1525 2354 1653 2399 lunae
1687 2353 1947 2400 ostendisset

575 2415 776 2461 defectio.
841 2416 978 2462 Nulla
997 2431 1068 2463 res
1088 2417 1300 2464 efficacius
1320 2417 1648 2465 multitudinem
1670 2417 1798 2476 regit,
1816 2432 1948 2478 quam

576 2479 854 2539 superstiti03
902 2480 1094 2539 alioquin
1136 2481 1369 2541 impotenS,
1411 2496 1552 2536 saeva,
1595 2480 1829 2536 mutabilis,
1869 2481 1946 2526 ubi

576 2557 686 2588 vana
707 2543 917 2603 religione
947 2548 1075 2604 capta
1105 2549 1184 2600 est,
1217 2545 1370 2591 melius
1401 2545 1572 2592 vatibus
1602 2559 1733 2603 quam
1766 2543 1948 2590 ducibus

574 2606 661 2652 suis
681 2612 819 2667 paret.
886 2606 1026 2666 Igitur
1041 2607 1162 2654 edita
1175 2608 1222 2653 in
1233 2609 1392 2668 vulgus
1404 2608 1725 2669 Aegyptiorum
1742 2622 1948 2668 responsa

575 2684 722 2716 rursus
743 2670 798 2715 ad
820 2685 940 2731 spem
961 2677 1006 2719 et
1026 2671 1230 2718 fiduciam
1253 2687 1431 2718 erexere
1460 2677 1701 2732 torpentes.

637 2733 734 2780 XL.
768 2733 869 2780 Rex
888 2734 1056 2794 impetu
1077 2734 1319 2781 animorum
1351 2736 1565 2783 utendum
1597 2742 1733 2791 ratus,
1757 2735 1946 2781 secunda

576 2796 724 2856 vigilia
762 2803 903 2844 castra
937 2798 1108 2845 movit:
1143 2799 1298 2847 dextra
1330 2800 1499 2860 Tigrim
1531 2799 1736 2855 habebat,
1768 2813 1794 2844 a
1823 2799 1945 2846 laeva

578 2866 761 2916 montes,
785 2876 893 2920 quos
916 2861 1141 2909 Gordaeos
1170 2868 1342 2911 vocant.
1407 2863 1509 2910 Hoc
1529 2864 1725 2924 ingresso
1745 2861 1830 2908 iter
1848 2877 1944 2924 spe·

576 2923 804 2982 eulatores‚
828 2925 904 2984 qui
924 2925 1148 2986 praemissi
1168 2933 1307 2984 erant,
1331 2927 1413 2974 sub
1442 2926 1552 2974 lucis
1575 2933 1735 2983 ortum,
1758 2925 1943 2973 Darium

575 2986 812 3038 adventare
841 2990 1171 3039 nunciaverunt.
1252 2991 1475 3043 Instructo
1520 2991 1655 3053 igitur
1704 2989 1853 3047 milite,
1899 2995 1944 3042 et
