2208 3424
0 455 9 484 ε
31 440 125 484 Nec

0 519 122 563 prae-

4 582 125 612 ciem.

9 632 125 689 apud

0 695 57 739 lut
79 694 125 737 in

0 772 17 801 r
38 772 126 801 non

0 836 30 865 n
52 836 127 864 vo-

2 899 124 943 prae-

0 948 128 992 liner--

0 1011 133 1055 rifieio

0 1089 131 1119 »erna-

0 1155 16 1181 :1
39 1140 130 1197 pati

0 1203 129 1246 'ersa-

29 1280 127 1310 con-

0 1345 129 1374 ‚evum

0 1394 132 1438 {etate

0 1520 132 1579 iperia

0 1583 133 1628 >oniti²

7 1648 135 1691 casti-

1 1710 135 1754 iscri-

1 1774 134 1818 uuies-

19 1837 135 1894 quis-

2 1919 14 1939 <
28 1901 134 1944 ude-

6 1963 42 2007 is
58 1971 132 2008 aut

35 2027 135 2071 enie

8 2106 138 2149 mque

4 2154 106 2198 lum
125 2171 137 2206 ;

10 2223 139 2272 osset,

23 2288 138 2327 ctam

17 2360 137 2405 spec-

6 2424 48 2453 ie
64 2424 138 2453 ex·-

10 2491 21 2512 ·
32 2473 139 2525 isne,

17 2551 134 2581 arem

50 2600 136 2659 sig-

10 2663 137 2708 adem

19 2742 135 2772 som-

38 2790 136 2850 Ego

14 2888 27 2910 ,
59 2854 138 2899 ali-

36 2933 140 2964 vero

18 2982 138 3029 reule

342 3160 349 3172 “
325 2770 372 3136 &wa-{exsseew
351 2729 362 2738 «-
354 2690 371 2706 ε,Ἰ
368 2622 371 2623 ,

964 309 1158 357 LIBER
1192 308 1516 367 QUARTUS.
1874 310 1933 358 65

566 445 716 486 votum
737 452 882 484 meum
901 437 1112 499 implevit.
1178 437 1264 483 Sed
1285 437 1416 498 hujus
1436 452 1609 498 quoque
1630 436 1798 483 consilii
1820 438 1931 485 ratio

565 513 715 563 postea
734 502 971 548 reddetur:
995 516 1073 547 vos
1093 501 1154 547 ite
1175 501 1233 547 ad
1253 502 1410 561 copias,
1434 502 1588 560 quibus
1610 500 1791 561 quisque
1810 515 1934 562 prae-

568 572 647 613 est.
732 565 830 626 Ego
866 565 957 624 jam
990 565 1136 620 adero,
1169 570 1214 611 et
1245 566 1351 624 quid
1381 565 1477 610 fieri
1505 564 1649 620 velim,
1683 565 1932 625 exponam.’

570 629 690 675 Raro
711 628 946 675 admodum
967 629 1194 675 admonitu
1226 629 1475 684 amicorum,
1509 643 1642 687 quum
1672 634 1815 675 metus
1846 629 1934 675 dis-

567 693 758 739 criminis
779 693 945 748 aderat,
967 692 1035 739 uti
1057 692 1236 739 solebat.
1303 692 1431 737 Tunc
1452 706 1636 751 quoque,
1659 692 1933 739 munimento

568 756 759 816 corporis
781 761 967 815 sumpto,
1000 755 1211 816 processit
1232 755 1288 801 ad
1320 755 1494 801 milites.
1558 755 1695 800 Haud
1717 755 1824 802 alias
1844 762 1935 802 tam

567 822 750 866 alacrem
771 819 972 866 viderant
992 834 1142 878 regem
1164 835 1174 865 ε
1199 824 1256 875 et,
1279 820 1406 865 vultu
1428 818 1518 878 ejus
1534 819 1749 874 interritO,
1772 824 1934 865 certam

570 899 688 943 spem
709 883 915 929 victoriae
936 883 1278 942 augurabantur.
1342 882 1494 942 Atque
1514 882 1589 928 ille
1619 887 1801 943 proruto
1822 883 1936 928 vallo

572 947 688 992 exire
710 947 854 1006 copias
869 946 1012 1005 jubet,
1038 946 1260 1004 aciemque
1289 945 1495 1006 disponit.

639 1010 739 1055 LII.
774 1010 828 1055 In
849 1010 1005 1056 dextro
1022 1025 1159 1055 cornu
1179 1009 1310 1056 locati
1332 1015 1436 1056 sunt
1452 1009 1633 1070 equites,
1657 1024 1767 1069 quos
1788 1024 1936 1072 aqema

573 1074 789 1133 appellant
812 1089 822 1119 :
856 1078 1055 1133 praeerat
1075 1073 1142 1118 his
1166 1073 1322 1128 Clitus,
1346 1073 1418 1119 cui
1432 1072 1584 1132 junxit
1618 1073 1818 1119 Philotae
1837 1079 1934 1119 tur·

574 1152 677 1190 mas,
701 1142 952 1196 ceterosque
983 1136 1222 1197 praefectos
1242 1136 1437 1196 equitum
1457 1136 1583 1182 lateri
1605 1135 1696 1195 ejus
1717 1136 1939 1197 applicuit.

574 1201 741 1246 Ultima
764 1199 973 1259 Meleagri
995 1200 1065 1246 ala
1085 1201 1228 1246 stabat
1250 1217 1259 1246 ε
1294 1213 1422 1258 quam
1443 1200 1636 1260 phalanx
1666 1201 1939 1258 sequebatur.

574 1264 679 1309 Post
700 1263 959 1323 phalangem
981 1263 1304 1324 Argyraspides
1326 1269 1451 1309 erant
1474 1280 1484 1309 z
1518 1263 1585 1309 his
1616 1263 1811 1309 Nicanor
1834 1263 1940 1309 Par-

574 1326 784 1372 menionis
815 1327 929 1372 filius
969 1332 1185 1387 praeerat.
1249 1327 1302 1373 In
1334 1327 1536 1372 subsidiis
1568 1342 1667 1372 cum
1698 1342 1833 1372 manu
1864 1342 1942 1373 sua

574 1391 770 1435 Coenos:
806 1396 905 1450 post
936 1406 1036 1436 eum
1070 1390 1248 1437 Orestes
1280 1390 1623 1450 Lyncestesque.
1706 1391 1817 1437 Post
1845 1390 1943 1437 illos

573 1454 858 1514 Polypercon,
903 1455 994 1499 dux
1037 1454 1255 1514 peregrini
1307 1454 1470 1500 militis.
1564 1454 1713 1514 Hujus
1756 1454 1941 1513 agminis

574 1520 788 1577 Amyntas
809 1517 1010 1577 princeps
1033 1527 1139 1563 erat.
1207 1517 1415 1576 Philagus
1438 1517 1644 1563 Balacros
1673 1519 1869 1576 regebat,
1892 1518 1939 1563 in

572 1581 821 1626 societatem
838 1595 977 1640 nuper
997 1582 1166 1626 ascitos.
1232 1582 1357 1625 Haec
1374 1582 1517 1626 dextri
1539 1596 1675 1626 cornu
1690 1580 1822 1626 facies
1835 1589 1941 1627 erat.

575 1645 626 1688 l'n
669 1645 805 1698 laeve,
853 1644 1060 1689 Craterus
1103 1645 1499 1704 Peloponnensium.
1541 1645 1710 1703 equites
1753 1644 1942 1691 habebat

575 1707 958 1766 Achaeoi-umqum
994 1714 1039 1753 et
1070 1707 1352 1753 Locrensium
1380 1713 1424 1753 et
1457 1708 1649 1753 Malieon
1670 1709 1830 1755 turmis
1860 1708 1941 1753 sib-1

570 1771 803 1829 adjunctis.
869 1770 965 1816 Hos
1004 1771 1201 1816 Thessali
1232 1771 1398 1830 equites
1429 1772 1701 1825 claudebant,
1737 1771 1940 1832 Philippo

570 1837 698 1880 duce.
761 1833 960 1879 Peditum
1004 1836 1116 1879 acies
1137 1836 1332 1893 equitatu
1354 1835 1604 1893 tegebatur.
1667 1834 1808 1881 Frons
1828 1836 1938 1882 laevi

569 1913 708 1943 cornu
730 1898 836 1942 haec
858 1906 964 1942 erat.
1012 1899 1100 1943 Sed
1121 1914 1176 1943 ne
1198 1899 1413 1943 circumiri
1429 1905 1573 1956 posset
1594 1914 1620 1943 a
1644 1899 1939 1955 multitudine,

573 1961 772 2006 ultimum
796 1975 952 2019 agmen
986 1961 1129 2006 valida
1159 1977 1291 2006 manu
1313 1962 1537 2007 cinxerat:
1573 1977 1736 2007 cernua
1768 1977 1939 2022 quoque

571 2025 771 2069 subsidiis
792 2024 992 2079 firmavit,
1011 2039 1102 2069 non
1124 2031 1243 2071 recta
1262 2026 1419 2079 fronte,
1444 2026 1518 2069 sed
1541 2040 1566 2069 a
1587 2026 1721 2070 latere
1752 2027 1904 2084 positis
1926 2044 1937 2080 ς

572 2095 634 2142 ut,
659 2088 695 2133 si
710 2087 847 2132 hostis
869 2088 1178 2133 circumvenire
1199 2089 1333 2133 aciem
1348 2094 1571 2142 tentasset,
1595 2095 1746 2148 parata
1767 2104 1941 2148 pugnae

571 2152 730 2196 forent.
794 2151 883 2195 Hic
917 2149 1104 2210 Agriani
1135 2158 1272 2206 erant,
1306 2152 1464 2211 quibus
1498 2152 1677 2197 Attalus
1713 2160 1937 2212 praeerat;

570 2214 638 2272 adj
646 2214 785 2259 unctis
808 2214 1042 2273 sagittariis
1061 2215 1355 2260 Cretensibus.
1423 2215 1612 2260 Ultimos
1627 2216 1800 2261 ordines
1817 2232 1937 2262 aver-

572 2279 625 2323 tit
658 2293 684 2322 a
704 2277 861 2331 fronte,
885 2284 936 2324 ut
967 2284 1106 2324 totam
1138 2279 1273 2323 aciem
1305 2280 1410 2324 orbe
1442 2278 1644 2325 muniret.
1708 2279 1847 2338 Illyrii
1869 2281 1938 2326 hie

569 2347 707 2396 erant,
726 2341 934 2400 adjuncto
952 2342 1090 2388 milite
1106 2343 1302 2388 mercede
1323 2342 1553 2388 conducto.
1619 2342 1810 2388 Thracas
1832 2359 1937 2403 quo—

570 2420 654 2463 que
687 2404 813 2449 simul
845 2404 1062 2464 objecerat
1104 2406 1257 2451 leviter
1300 2412 1486 2451 armatos
1511 2423 1520 2451 :
1566 2406 1761 2465 adeoque
1805 2408 1938 2453 aciem

572 2468 815 2514 versatilem
837 2469 994 2528 posuit,
1010 2475 1062 2514 ut
1079 2469 1152 2528 qui
1169 2470 1311 2515 ultimi
1328 2470 1502 2515 stabant
1517 2484 1573 2514 ne
1587 2470 1931 2527 circumirentur,

573 2532 682 2577 verti
714 2537 862 2577 tamen
894 2537 938 2578 et
966 2532 1015 2577 in
1047 2532 1235 2579 frontem
1265 2533 1500 2591 circumagi
1530 2539 1719 2593 possent.
1787 2534 1940 2594 Itaque

570 2611 659 2641 non
682 2596 820 2655 prima
836 2611 965 2655 quam
982 2597 1133 2652 latera,
1156 2612 1245 2642 non
1265 2597 1402 2642 latera
1422 2596 1656 2644 munitiora
1669 2597 1791 2643 fuere
1812 2612 1939 2656 quam

570 2668 710 2717 terga.

634 2722 757 2767 LIII.
791 2722 877 2768 His
898 2723 960 2769 ita
991 2723 1216 2779 ordinatis,
1239 2725 1462 2785 praecipit,
1496 2732 1560 2781 ut,
1582 2725 1620 2770 si
1640 2724 1820 2771 falcatos
1838 2734 1935 2771 'cur-

572 2801 645 2831 rus
668 2801 766 2832 cum
787 2786 962 2833 fremitu
994 2787 1166 2833 barbari
1198 2789 1462 2844 emitterent,
1495 2788 1576 2849 ipsi
1595 2789 1752 2835 laxatis
1774 2790 1936 2835 ordini-

569 2850 650 2894 bus
692 2851 902 2910 impetum
932 2851 1246 2898 incurrentium
1279 2852 1451 2898 silentio
1492 2852 1772 2913 exciperent:
1819 2854 1935 2899 haud

569 2913 728 2959 dubius
759 2914 852 2960 sine
883 2929 996 2960 noxa
1027 2921 1361 2971 transcursurOS,
1387 2916 1572 2962 sinemo
1605 2932 1651 2962 se
1679 2925 1930 2977 opponeret.

572 2976 649 3021 Sin
683 2983 825 3025 autem
860 2978 951 3025 sine
990 2979 1165 3027 fremitu
1207 2980 1496 3038 immisissent,
1531 2996 1604 3028 eos
1635 2980 1717 3040 ipsi
1748 2981 1932 3029 clamore

1206 3044 1239 3088 F
1271 3044 1299 3088 2
