2200 3408
295 888 298 895 ,
295 813 299 822 ,Δ
295 803 297 807 ,
285 504 298 796 «adm-..m

331 2744 353 2841 :affl—m>
343 2725 346 2729 ·
323 2528 350 2713 :tsssfflos'e-&ffils-
333 2515 344 2518 ³

336 3036 342 3046 2
335 2986 340 2994 ν
332 2954 350 2980 5¹47,
349 2946 353 2949 Ι
333 2836 359 2926 ;Ἄ.;μ,ι,

939 293 1136 342 LIBER
1170 294 1464 344 TERTIUS.
1837 301 1897 345 25

577 421 753 470 XXXI.
786 422 1041 471 Alexander
1079 429 1258 485 postera
1299 423 1385 483 die,
1430 439 1531 472 cum
1572 438 1679 474 cura
1715 426 1897 485 sepultis

514 486 729 534 militibus
759 501 947 547 quorum
978 501 1163 549 corpora
1193 488 1435 545 invenerat,
1471 487 1702 535 Persarum
1724 502 1896 548 quoque

517 549 797 596 nobilissimis
828 549 1020 597 eundem
1055 552 1269 598 honorem
1299 551 1637 611 haberi·jubet;
1682 553 1898 612 matrique

518 614 649 660 Darii
669 613 901 674 permittit,
925 628 1034 673 quos
1051 615 1199 672 vellet,
1225 617 1370 677 patrio
1399 629 1525 662 more
1554 615 1750 676 sepelire.
1818 616 1901 662 Illa

516 692 681 737 paucos
713 682 835 724 arcta
849 677 1178 739 propinquitate
1208 679 1469 739 conjunctos
1489 693 1570 739 pro
1589 679 1746 727 habitu
1777 695 1902 741 prae-

518 742 657 789 sentis
674 740 880 788 fortunae
899 740 1071 789 'humari
1085 742 1222 802 jussit
1244 758 1255 796 ;
1289 742 1552 804 apparatum
1572 742 1789 799 funerum,
1813 758 1898 802 quo

521 805 683 852 Persae
704 819 908 865 suprema
932 806 1074 853 officia
1093 806 1382 862 celebrarent,
1404 805 1672 852 invidiosum
1702 806 1796 853 fore
1827 823 1902 853 ex-

517 868 733 924 istimans,
787 882 922 927 quum
962 869 1152 916 victores
1193 869 1315 916 haud
1353 870 1547 930 pretiose
1587 877 1902 917 cremarentur.

519 932 709 992 Jamque
727 930 857 994 justis
878 932 1188 980 defunctorum
1219 934 1477 993 corporibus
1498 932 1664 989 solutis,
1698 935 1904 994 praemit--

520 996 578 1042 tit
600 998 658 1042 ad
677 997 873 1056 captivas
889 997 964 1055 qui
985 996 1250 1044 nunciarent
1270 997 1414 1057 ipsum
1429 996 1580 1043 venire
1597 1013 1609 1051 ;
1631 997 1906 1056 inhibitaque

522 1060 827 1106 comitantium
871 1060 1019 1116 turba,
1053 1061 1390 1107 tabernaculum
1431 1075 1534 1106 cum
1573 1060 1906 1121 Hephaestione

483 1174 486 1178 ,
520 1124 675 1171 intrat.
727 1123 772 1170 Is
791 1123 920 1182 longe
940 1124 1135 1182 omnium
1158 1124 1398 1170 amicorum
1419 1123 1666 1170 carissimus
1682 1131 1776 1171 erat
1797 1127 1906 1185 regi,

516 1202 624 1240 cum
644 1188 743 1248 ipso
763 1187 929 1247 pariter
950 1187 1176 1243 educatus,
1200 1195 1470 1234 secretorum
1493 1187 1688 1233 omnium
1712 1189 1875 1235 arbiter
1901 1207 1912 1234 ε

520 1250 741 1297 libertatis
757 1263 931 1310 quoque
942 1251 988 1295 in
1006 1251 1288 1297 admonendo
1304 1266 1358 1296 eo
1371 1266 1461 1296 non
1479 1250 1591 1296 alius
1605 1250 1680 1311 jus
1695 1250 1908 1303 habebat:

524 1314 645 1372 quod
676 1320 828 1361 tamen
847 1314 912 1360 ita
933 1315 1187 1375 usurpabat,
1203 1320 1272 1361 ,ut
1303 1314 1437 1373 magis
1457 1329 1484 1362 a
1514 1329 1620 1375 rege
1650 1315 1907 1376 permissum

525 1392 655 1436 quam
672 1378 944 1426 vindicatum
958 1380 1014 1424 ab
1028 1394 1081 1424 eo
1103 1378 1329 1425 videretur
1345 1394 1356 1424 ι
1371 1384 1417 1425 et
1432 1378 1548 1424 sicut
1561 1385 1707 1426 aetate
1722 1394 1801 1439 par
1817 1387 1912 1425 erat

523 1441 633 1501 regi,
656 1443 721 1490 ita
740 1443 935 1503 corporis
954 1442 1111 1489 habitu
1133 1443 1400 1502 praestabat.
1444 1441 1568 1500 Ergo
1588 1442 1781 1502 reginae,
1791 1443 1913 1489 illum

523 1520 674 1565 regem
696 1521 790 1552 esse
810 1513 945 1563 ratae,
979 1521 1060 1553 suo
1080 1521 1203 1552 more
1223 1513 1457 1552 veneratae
1489 1511 1606 1553 sunt.
1672 1506 1784 1551 Inde
1817 1522 1914 1567 spa-

526 1570 717 1616 donibus
739 1571 936 1630 captivis,
970 1569 1065 1630 quis
1097 1569 1354 1616 Alexander
1386 1574 1515 1626 esset,
1549 1571 1911 1625 monstrantibus,

528 1634 802 1693 Sysigambis
818 1634 1027 1681 advoluta
1039 1640 1108 1679 est
1121 1633 1307 1694 pedibus
1328 1633 1437 1693 ejus,
1451 1634 1775 1693 ignorationem
1798 1650 1913 1679 nun·

526 1711 657 1757 quam
682 1702 815 1744 antea
846 1698 927 1744 visi
957 1697 1076 1757 regis
1096 1711 1327 1744 excusans.
1390 1698 1537 1753 Quam
1562 1712 1693 1743 manu
1725 1697 1914 1743 allevans

528 1776 621 1815 rex,
647 1761 776 1806 ‘Non
799 1761 982 1818 errasti,'
1015 1761 1173 1820 inquit,
1199 1765 1211 1787 ‘
1234 1767 1388 1817 mater,
1422 1776 1525 1808 nam
1551 1766 1595 1808 et
1625 1761 1698 1807 hic
1719 1762 1912 1807 Alexan-

529 1826 609 1870 der
631 1824 729 1872 est?

593 1888 790 1935 XXXII.
856 1889 1088 1948 Equidem,
1113 1889 1150 1933 si
1171 1888 1255 1934 hac
1276 1889 1551 1936 continentia
1571 1889 1706 1934 animi
1726 1889 1784 1934 ad
1813 1889 1914 1935 ulti-

529 1967 649 1996 mum
683 1952 802 1998 vitae
832 1967 1111 2012 perseverare
1141 1953 1372 2012 potuisset,
1403 1952 1643 1999 feliciorem
1672 1952 1804 1998 fuisse
1825 1967 1918 1997 cre-

530 2016 681 2061 derem
704 2029 834 2073 quam
855 2017 973 2062 visus
994 2022 1061 2062 est
1082 2032 1189 2071 esse,
1212 2030 1347 2075 quum
1381 2015 1533 2062 Liberi
1564 2016 1702 2076 patris
1722 2016 1915 2062 imitare·

531 2092 605 2125 tur
639 2079 927 2139 triumphum,
968 2081 1024 2126 ab
1075 2079 1371 2140 Hellesponto
1414 2091 1551 2138 usque
1592 2080 1650 2125 ad
1689 2078 1918 2126 Oceanum

532 2156 686 2188 omnes
717 2149 874 2201 gentes
906 2144 1094 2190 victoria
1115 2158 1332 2195 emensus.
1397 2143 1588 2189 Vicisset
1616 2142 1815 2204 profecto
1848 2157 1917 2187 su-

531 2206 729 2266 perbiam
765 2212 893 2265 atque
924 2207 1050 2262 iram,
1073 2208 1209 2253 mala
1239 2207 1433 2261 invicta3
1489 2207 1771 2253 abstinuisset
1801 2207 1920 2252 inter

533 2268 682 2329 epulas
717 2271 923 2317 caedibus
956 2271 1194 2317 amicorum
1220 2287 1231 2317 ε
1268 2270 1557 2331 egregiosque
1575 2271 1688 2316 bello
1709 2270 1839 2325 viros,
1875 2277 1918 2315 et

532 2339 602 2379 tot
621 2333 822 2393 gentium
845 2349 991 2381 secum
1012 2334 1453 2391 domitores,indicta
1470 2349 1612 2389 causa,
1630 2334 1794 2381 veritus
1810 2339 1925 2379 esset

534 2397 746 2444 occidere.
814 2398 902 2444 Sed
923 2399 1121 2444 nondum
1137 2399 1316 2445 fortuna
1336 2414 1382 2444 se
1403 2399 1553 2444 animo
1573 2397 1663 2457 ejus
1676 2398 1924 2443 infuderat:

537 2462 681 2518 itaque
704 2461 919 2508 orientem
952 2476 1049 2509 eam
1083 2463 1312 2509 moderate
1344 2467 1389 2508 et
1419 2462 1662 2522 prudenter
1691 2460 1831 2508 tulit:
1867 2462 1923 2506 ad

539 2525 756 2580 ultimum,
792 2526 1141 2585 magnitudinem
1165 2525 1258 2585 ejus
1289 2541 1380 2572 non
1402 2526 1536 2585 cepit.
1603 2525 1717 2571 Tum
1750 2525 1923 2582 quidem

535 2590 599 2636 ita
621 2605 667 2635 se
688 2590 839 2650 gessit,
861 2597 911 2637 ut
942 2604 1092 2637 omnes
1116 2596 1220 2636 ante
1241 2605 1339 2635 eum
1362 2605 1489 2649 reges
1512 2594 1559 2635 et
1579 2589 1848 2643 continentia
1881 2596 1923 2634 et

537 2655 770 2700 clementia
801 2654 1096 2701 vincerentur.
1162 2653 1370 2714 Virgines
1403 2653 1521 2699 enim
1542 2654 1686 2713 regias
1708 2653 1921 2698 excellen-

537 2719 595 2763 tis
627 2717 794 2764 formae
824 2723 915 2764 tam
939 2724 1089 2765 sancte
1121 2718 1290 2773 habuit,
1315 2732 1444 2776 qnam
1467 2717 1504 2762 si
1537 2718 1691 2763 eodem
1714 2731 1800 2775 quo
1829 2718 1921 2777 ipso

538 2788 723 2841 parente
743 2782 920 2842 genitae
935 2782 1096 2828 forent.
1163 2781 1413 2842 Conjugem
1435 2780 1644 2841 ejusdem,
1654 2794 1786 2839 quam
1805 2780 1924 2826 nulla

540 2846 697 2892 aetatis
731 2860 835 2892 suae
867 2846 1198 2906 pulchritudine
1220 2845 1415 2906 corporis
1446 2845 1568 2900 vicit,
1591 2845 1701 2891 adeo
1721 2844 1815 2905 ipse
1836 2859 1924 2889 non

541 2908 734 2964 violavit,
759 2916 811 2956 ut
832 2924 1042 2957 summam
1077 2910 1330 2956 adhibuerit
1362 2923 1514 2955 curam
1547 2923 1604 2954 ne
1624 2908 1719 2968 quis
1753 2908 1924 2968 captivo

541 2973 713 3032 corpori
736 2973 951 3021 illuderet.
1022 2974 1211 3020 Omnem
1238 2974 1406 3020 cultum
1438 2972 1569 3020 reddi
1587 2972 1759 3018 feminis
1787 2971 1932 3029 jussit,

1221 3053 1255 3098 C
