2208 3424
392 310 454 365 32
811 310 918 359 mn
925 309 1007 359 ER
1042 309 1364 369 QUARTUS.

396 436 567 487 steriles
586 436 743 484 herbas
763 435 933 498 eligens
952 436 1290 500 Abdalonymus
1309 438 1584 501 repurgabat.
1650 438 1776 487 Tunc

395 517 494 566 voye
513 514 567 548 eo
596 498 801 557 salutato,
827 500 941 549 alter
971 514 1026 547 ex
1054 499 1127 547 liis
1150 515 1161 548 ε
1197 505 1211 529 ‘
1227 502 1452 559 Habitus:
1483 503 1640 563 inquit,
1676 508 1687 530 ‘
1705 502 1775 550 hic

395 578 524 626 quem
545 563 687 610 cernis
706 563 754 610 in
776 563 885 611 meis
906 563 1109 611 manibus
1130 578 1231 610 cum
1252 565 1339 613 isto
1368 565 1567 626 squalore
1597 579 1774 628 permu-

393 628 555 678 tandus
576 626 658 673 tibi
678 635 748 675 est
770 642 781 674 ε
814 626 945 675 ablue
964 641 1122 687 eorpus
1151 627 1303 675 illuvie
1332 628 1607 689 aeternisque
1637 629 1776 676 sordi-

393 693 475 740 bus
495 689 768 750 squalidum:
791 702 899 752 cape
918 690 1035 750 regis
1056 689 1268 748 animum,
1286 697 1332 738 et
1352 692 1398 739 in
1419 707 1516 740 eam
1536 692 1776 748 fortunam,

392 768 478 815 qua
510 754 673 814 dignus
703 769 764 809 es,
796 753 926 802 istam
958 753 1276 802 continentiam
1308 756 1489 814 profert
1522 762 1569 804 et
1599 770 1697 803 cium
1729 756 1776 802 in

395 817 533 879 regali
579 815 688 864 solio
734 816 960 872 residebis,
1006 816 1123 864 vitae
1153 817 1356 875 necisque
1386 819 1583 865 omnium
1616 817 1775 866 civium

395 880 616 937 dominus,
648 895 754 929 cave
786 879 1054 927 obliviscaris
1085 879 1214 941 hujus
1246 881 1400 939 status,
1423 882 1471 928 in
1503 896 1589 942 quo
1619 881 1781 942 accipis

395 959 580 1006 regnum
602 958 613 989 τ
645 943 783 989 immo
797 942 986 997 hercule,
1005 949 1186 1004 propter
1200 943 1360 1004 quem.’
1423 945 1607 992 Somnio
1627 945 1780 992 similis

395 1024 465 1056 res
507 1006 821 1067 Abdalonymo
860 1006 1108 1053 videbatur.
1194 1007 1437 1064 Interdum,
1482 1010 1646 1056 satisne
1685 1009 1781 1056 sani

394 1077 555 1123 essent,
579 1070 651 1129 qui
682 1080 775 1120 tam
805 1075 1009 1130 proterve
1039 1069 1124 1117 sibi
1154 1070 1401 1126 illuderent,
1423 1072 1782 1132 percontabatur.

395 1135 488 1184 sed
510 1144 560 1181 ut
591 1134 818 1181 cunctanti
848 1133 1024 1193 squalor
1055 1133 1233 1180 ablutus
1264 1142 1345 1191 est,
1379 1142 1425 1182 et
1455 1135 1619 1195 injecta
1648 1136 1782 1182 vestis

396 1212 593 1259 purpura
612 1211 803 1256 auroque
823 1197 1062 1250 distincta„
1082 1203 1128 1243 et
1157 1197 1268 1244 fides
1298 1213 1326 1244 a
1350 1197 1603 1259 jurantibus
1634 1198 1779 1249 facta:

394 1263 512 1309 serio
528 1261 621 1321 jam
644 1276 736 1315 rex,
759 1260 923 1308 iisdem·
938 1260 1263 1317 comitantibus,
1287 1261 1335 1307 in
1367 1262 1533 1322 regiam
1566 1263 1782 1323 pervenit.

401 1325 551 1377 Fama,
587 1331 636 1371 ut
666 1324 792 1379 solet,
825 1330 1004 1371 strenue
1034 1329 1131 1371 tota
1162 1325 1270 1371 urbe
1312 1325 1552 1373 discurrit:
1595 1325 1781 1372 aliorum

399 1389 609 1443 studium,
626 1387 809 1434 aliorum
829 1387 1072 1446 indignatio
1093 1387 1329 1435 eminebat.
1394 1388 1652 1436 Ditissimus
1668 1389 1785 1448 quis·

394 1451 1117 1512 que›humilitatem,inopiamque
1158 1451 1252 1511 ejus
1292 1452 1410 1512 apud
1448 1452 1612 1498 amicos
1644 1451 1783 1498 Alex—

398 1516 528 1564 andri
558 1514 883 1562 criminabatur.
951 1514 1145 1561 Admitti
1177 1529 1275 1560 eum
1310 1530 1387 1561 rex
1409 1516 1612 1576 protinus
1635 1514 1781 1576 jussit,

398 1581 562 1640 diuque
583 1578 917 1639 contemplatus,
944 1583 954 1604 ‘
974 1577 1212 1639 Corporis,’
1233 1578 1389 1637 inquit,
1416 1584 1428 1605 ‘
1446 1578 1623 1628 habitus
1643 1579 1787 1626 famae

398 1643 574 1702 generis
596 1656 684 1688 non
705 1649 953 1702 repugnat:
989 1642 1066 1687 sed
1090 1641 1199 1689 libet
1221 1643 1344 1698 scire,
1376 1642 1570 1703 inopiam
1591 1656 1679 1701 qua
1707 1656 1784 1702 pa-

400 1707 558 1754 tientia
591 1704 772 1753 tuleris.'
850 1705 966 1754 Tum
1000 1704 1086 1761 illc,
1124 1708 1136 1731 ‘
1156 1704 1369 1762 Utinam,'
1399 1705 1556 1766 inquit,
1592 1712 1603 1731 ‘
1628 1705 1782 1752 eodem

399 1770 549 1817 animo
569 1784 754 1828 regnum
777 1769 870 1830 pati
891 1770 1070 1829 possim.
1136 1768 1238 1815 Hae
1262 1783 1414 1816 manus
1440 1770 1651 1816 suffecere
1672 1769 1789 1814 desi-

397 1834 522 1880 ‹leric
555 1847 688 1879 meo:
722 1833 832 1879 nihil
863 1833 1012 1879 aventi
1044 1831 1155 1878 nihil
1184 1832 1355 1879 defuit!
1418 1833 1612 1893 Magnae
1628 1832 1791 1878 indolis

399 1897 621 1958 specimen
652 1911 708 1942 ex
739 1896 823 1942 hoc
859 1910 1062 1942 sermone
1094 1895 1394 1956 Abdalonymi
1435 1897 1565 1957 cepit.
1633 1896 1789 1954 Itaque

400 1976 492 2009 non
513 1960 733 2008 Stratonis
755 1959 889 2005 modo
910 1959 1077 2019 regiam
1098 1959 1411 2018 supellectilem
1433 1959 1616 2006 attribui
1635 1960 1674 2006 ei
1684 1958 1781 2018 jus-

400 2027 472 2081 sit,
505 2024 585 2071 sed
626 2023 830 2083 pleraque
871 2022 1005 2069 etiam
1040 2036 1097 2067 ex
1131 2021 1306 2068 Persica
1337 2023 1533 2082 praeda:
1567 2023 1787 2082 regionem

401 2102 571 2149 quoque
592 2086 690 2132 urbi
709 2086 954 2147 appositam
976 2085 1136 2132 ditioni
1157 2085 1249 2146 ejus
1268 2085 1444 2146 adjecit.

462 2151 519 2197 V.
556 2151 731 2197 Interea
756 2151 991 2210 Amyntas,
1025 2163 1154 2207 quem
1172 2150 1229 2195 ad
1249 2149 1404 2196 Persas
1435 2150 1494 2197 ab
1526 2150 1784 2197 Alexandro

401 2214 689 2275 transfugisse
718 2213 925 2267 diximus,
959 2227 1057 2259 cum
1090 2219 1277 2271 quatuor
1301 2213 1491 2260 millibus
1514 2214 1784 2261 Graecorum

401 2280 546 2341 ipsum
563 2293 620 2324 ex
639 2277 732 2324 acie
763 2276 1017 2338 persecutis,
1039 2277 1148 2335 fuga
1168 2275 1368 2336 Tripolin
1400 2278 1618 2338 pervenit.
1683 2277 1795 2323 Inde

401 2345 450 2390 in
464 2357 598 2389 naves
618 2341 830 2388 militibus
842 2341 1070 2400 impositis,
1096 2338 1298 2400 Cyprum
1319 2341 1589 2388 transmisit:
1615 2348 1662 2388 et
1684 2356 1783 2387 cum

402 2407 449 2453 in
470 2406 547 2452 ino
568 2410 686 2452 statu
702 2419 853 2450 rerum
874 2404 924 2449 id
945 2417 1162 2464 quemque
1182 2403 1302 2463 quod
1323 2411 1580 2465 occupasset
1610 2405 1786 2451 habitu·

403 2484 501 2516 rum
522 2469 820 2524 arbitraretur,
847 2468 968 2514 velut
987 2473 1110 2514 certo
1122 2466 1224 2526 jure
1244 2482 1504 2527 possessum,
1525 2467 1788 2530 Aegyptum

404 2542 556 2596 petere
576 2532 782 2588 decrevit,
804 2532 981 2590 utrique
1012 2530 1108 2590 regi
1139 2531 1292 2586 hostis,
1316 2538 1361 2578 et
1380 2547 1551 2592 semper
1582 2548 1638 2579 ex
1668 2532 1789 2578 anci·

404 2597 487 2659 piti
518 2596 761 2643 mutatione
779 2602 1025 2655 temporum
1060 2595 1282 2655 pendens:
1317 2595 1607 2658 hortatusque
1627 2596 1788 2642 milites

406 2661 466 2709 ad
486 2675 610 2721 spem
630 2665 780 2708 tantae
809 2660 887 2715 rei,
911 2659 1042 2704 docet
1075 2659 1286 2704 Sabacem
1309 2665 1556 2718 praetorem
1587 2660 1787 2720 Aegypti

403 2723 612 2772 cecidisse
652 2722 699 2768 in
729 2723 854 2768 acie:
888 2721 1118 2768 Persarum
1160 2723 1427 2783 praesidium
1470 2730 1516 2770 et
1546 2723 1642 2769 sine
1673 2724 1787 2769 duce

407 2803 502 2835 csse
517 2795 566 2835 et
584 2786 850 2834 invalidum:
875 2786 1125 2846 Aegyptios
1145 2800 1315 2846 semper
1336 2786 1612 2848 praetoribus
1633 2801 1784 2852 eorum

407 2852 717 2912 infensos,.pro
739 2849 865 2896 sociis
885 2849 1017 2909 ipsos,
1040 2863 1132 2896 non
1147 2864 1227 2910 pro
1247 2850 1447 2898 hostibus
1468 2851 1786 2897 aestimaturos.
1871 2879 1875 2883 -

411 2915 577 2963 Omnia
596 2913 785 2975 experiri
805 2913 1038 2960 necessitas
1053 2914 1261 2971 cogebat:
1296 2915 1471 2975 quippe,
1495 2929 1594 2960 cum
1626 2914 1789 2974 primas

408 2994 508 3041 spes
528 2978 708 3029 fortuna
723 2977 942 3036 destituit,
962 2977 1112 3026 futura
1141 2978 1446 3039 praesentibus
1468 2978 1675 3026 videntur
1695 2992 1789 3026 esse
