2200 3424
412 296 472 341 34
825 297 1020 344 mann
1056 279 1372 354 QUARws‘.
1408 307 1414 319 ·

413 424 698 471 Macedoniae
727 423 949 483 praefecto
981 424 1259 473 moliebatur.
1325 426 1570 481 Cretenses,
1605 427 1683 472 has
1725 431 1802 470 aut

410 487 509 534 illas
529 487 848 547 partes-secuti,
863 502 983 534 nunc
1006 487 1341 549 Spartanorum,
1363 504 1484 535 nunc
1508 490 1803 536 Macedonum
1836 492 1838 495 '

411 550 635 610 praesidiis
666 550 1015 610 occupabantur.
1082 551 1171 597 Sed
1205 552 1370 599 leviora
1402 554 1520 600 inter
1550 554 1650 599 illos
1679 552 1803 598 fuere

413 613 696 661 discrimina·
731 628 869 660 unum
891 621 1128 670 certamen,
1161 630 1218 661 ex
1240 630 1328 674 quo
1349 623 1497 664 cetera
1525 617 1800 678 pendebant,

412 679 616 723 intuente
636 677 833 724 fortuna.

476 739 581 786 VII.
613 741 658 787 2.
690 741 795 787 Jam
826 746 924 788 tota
956 741 1099 803 Syria,
1115 740 1211 802 jam
1246 741 1471 790 Phoenice
1502 758 1692 803 quoque,
1727 757 1804 786 ex-

411 810 540 876 cepta
563 804 696 865 Tyro,
731 805 1026 851 Macedonum
1048 812 1202 852 erant.
1236 792 1517 866 habebatque
1547 822 1628 853 rex
1659 810 1803 852 castra

413 868 461 912 in
493 867 759 924 continenti,
787 884 814 915 a
843 883 930 927 qua
962 869 1115 915 urbem
1146 875 1385 928 angustum
1413 870 1579 917 fretum
1610 868 1798 916 dirimit.

415 930 576 991 Tyrus,
609 939 654 977 et
684 932 886 979 claritate
917 939 962 979 et
993 946 1097 992 mag
1117 933 1325 979 nitudine
1355 939 1461 980 ante
1491 948 1645 980 omnes
1675 933 1806 978 urbes

418 994 575 1054 Syriae
607 994 937 1053 Phoenicesque
972 996 1283 1052 memorabilis,
1336 996 1507 1042 facilius
1553 998 1811 1043 societatem

421 1058 669 1104 Alexandri
689 1065 927 1119 acceptura
948 1059 1198 1115 videbatur,
1224 1074 1357 1119 quam
1380 1060 1628 1120 imperium.
1651 1060 1814 1118 {Coro-

415 1136 518 1167 nam
538 1122 674 1181 igitur
695 1131 873 1168 auream
905 1123 1042 1181 legati
1063 1124 1230 1168 donum
1253 1124 1495 1171 afferebant
1515 1128 1806 1169 commeatus-

413 1200 499 1244 que
534 1185 658 1245 largc
699 1192 746 1232 et
783 1186 1060 1246 hospitaliter
1091 1202 1147 1232 ex
1178 1187 1344 1247 oppido
1375 1187 1660 1233 advexerant.
1725 1185 1808 1231 Ille

416 1249 548 1304 dona,
572 1256 622 1296 ut
643 1249 699 1295 ab
720 1250 884 1306 amicis,
904 1250 1042 1310 accipi
1056 1250 1204 1310 jussit,
1220 1250 1499 1310 benigneque
1514 1251 1687 1311 legatos
1699 1249 1807 1296 allo-

420 1319 564 1368 cutus,
597 1312 793 1365 Herculi,
827 1327 956 1371 quem
989 1314 1224 1374 praecipue
1247 1314 1374 1375 Tyrii
1397 1315 1610 1371 colerent,
1645 1313 1809 1360 sacrifi-

416 1390 517 1422 care
538 1376 648 1422 velle
668 1392 716 1422 se
747 1376 897 1423 dixit:
932 1377 1229 1423 Macedonum
1258 1392 1386 1437 reges
1416 1378 1610 1434 credere,
1644 1378 1702 1423 ab
1732 1376 1810 1421 illo

394 1440 503 1502 >deo
523 1440 640 1500 ipsos
669 1455 813 1500 genus
843 1440 1033 1487 ducere:
1069 1456 1117 1487 se
1148 1456 1267 1497 vero,
1301 1440 1366 1488 ut'·
1384 1441 1433 1490 id
1463 1441 1643 1496 faceret,
1676 1440 1810 1486 etiam

416 1503 595 1549 oraculo
625 1504 856 1550 monitum.
939 1505 1099 1564 Legati
1140 1505 1426 1565 respondent,
1460 1519 1554 1551 esse
1594 1503 1809 1563 templum

416 1566 624 1613 Herculis
644 1574 772 1614 extra
801 1569 969 1624 urbem,
991 1569 1039 1614 in
1072 1583 1124 1614 ea
1143 1569 1251 1615 sede
1271 1582 1403 1627 quam
1437 1568 1707 1629 Palaetyron
1727 1567 1812 1627 ipsi

407 1638 599 1677 vocent:-
632 1630 694 1676 ibi
731 1646 883 1691 regem
918 1632 1003 1678 deo
1037 1647 1214 1678 sacrum
1247 1632 1334 1678 rite
1374 1632 1610 1679 facturum.
1697 1631 1807 1676 Non

415 1694 565 1740 tenuit
594 1694 703 1740 iram
733 1695 1003 1751 Alexander,
1028 1695 1154 1755 cujus
1176 1695 1371 1754 alioquin
1391 1702 1551 1756 potens
1572 1710 1664 1741 non
1697 1699 1809 1740 erat.

420 1761 432 1782 ‘
455 1757 613 1816 Itaque
627 1773 705 1804 vos
724 1758 931 1817 quidem‚'
963 1759 1121 1818 inquit,
1146 1762 1159 1785 ‘
1175 1758 1338 1805 fiducia
1358 1757 1458 1813 loci,
1481 1759 1602 1818 quod
1622 1757 1811 1803 insulam

419 1820 616 1868 incolitis
637 1821 892 1882 pedestrem·
925 1822 1045 1876 hunc
1066 1823 1309 1869 exercitum
1329 1822 1535 1882 spernitis
1554 1838 1564 1868 ε
1588 1822 1667 1868 scd
1688 1821 1811 1866 brevi

414 1884 660 1941 ostendam,
682 1885 732 1931 in
764 1885 1013 1933 continenti
1033 1901 1111 1932 vos
1133 1901 1244 1933 esse.
1311 1885 1507 1931 Proinde
1527 1885 1675 1932 sciatis
1692 1884 1809 1939 licet,

416 1955 497 1995 aut
526 1948 794 1996 intraturum
825 1964 896 1995 me
927 1950 1096 2005 urbem,
1130 1955 1208 1996 aut
1240 1947 1632 2011 oppugnaturum?
1697 1947 1813 1993 Cum

420 2013 504 2058 hoc
526 2027 733 2072 responso
767 2012 969 2059 dimissos
1000 2028 1180 2059 monere
1201 2013 1331 2058 amici
1363 2018 1620 2073 coeperunt,
1655 2020 1708 2058 ut
1741 2025 1810 2056 re-

419 2090 536 2135 gem,
559 2090 687 2136 quem
708 2076 851 2137 Syria,
873 2091 1002 2135 quem
1021 2076 1244 2122 Phoenice
1264 2076 1513 2136 recepisset,
1535 2076 1620 2136 ipsi
1641 2088 1814 2134 quoque

422 2140 578 2185 urbem
607 2140 773 2187 intrare
793 2146 1066 2201 paterentur.
1131 2140 1195 2187 At
1216 2140 1282 2185 illi
1305 2140 1410 2187 >loco
1442 2139 1549 2187 satis
1579 2139 1665 2195 fisi,
1697 2137 1814 2183 obsi-

421 2203 603 2248 dionem
621 2204 736 2250 ferre
756 2203 1063 2251 decreverunt.

481 2265 613 2312 VIII.
646 2267 849 2326 Namque
868 2268 1022 2317 urbem
1043 2283 1070 2313 a
1091 2267 1339 2314 continenti
1358 2271 1549 2327 quatuor
1570 2266 1813 2313 stadiorum

420 2330 583 2377 fretum
622 2330 797 2387 dividit,
831 2331 984 2377 Africo
1025 2331 1215 2377 maxime
1257 2330 1479 2390 objectum
1504 2346 1516 2384 ;
1551 2330 1728 2375 crebros
1761 2344 1816 2374 ex

422 2393 514 2440 alto
533 2394 692 2442 fluctus
723 2395 771 2440 in
791 2395 919 2455 littus
950 2395 1140 2449 evolvit;
1172 2409 1257 2440 nec
1278 2394 1536 2454 accipiendo
1566 2394 1706 2454 operi,
1729 2407 1817 2452 quo

426 2457 688 2505 Macedones
720 2459 969 2507 continenti
990 2459 1179 2505 insulam
1203 2457 1399 2518 jungere
1430 2457 1662 2519 parabant,
1686 2455 1816 2516 quid-

423 2535 557 2580 quam
572 2522 708 2581 magis
728 2536 858 2581 quam
880 2523 957 2569 ille
977 2529 1137 2570 ventus
1157 2522 1376 2568 obstabat.
1445 2521 1625 2581 Quippe
1637 2520 1713 2566 vix
1726 2521 1817 2566 len-i

417 2591 472 2631 -et
503 2586 741 2647 tranquillo
783 2586 895 2632 mari
937 2586 1075 2633 moles
1117 2586 1191 2646 agi
1233 2591 1456 2646 possunt;
1489 2583 1669 2631 Africus
1710 2598 1817 2629 vero

425 2649 570 2709 prima
590 2664 786 2710 quaeque
816 2650 1177 2711 congesta.pulsu
1198 2650 1313 2696 illisa
1336 2649 1468 2695 maris
1490 2649 1664 2695 subruit
1688 2664 1697 2693 :
1733 2661 1816 2693 nec

424 2712 516 2759 ulla
536 2718 628 2760 tam
656 2713 782 2760 firma
802 2714 938 2760 moles
959 2719 1038 2770 est,
1074 2728 1206 2774 quam
1228 2728 1319 2759 non
1339 2713 1533 2760 exedant
1564 2712 1711 2758 undae
1740 2726 1819 2772 per

428 2791 571 2823 nexus
592 2791 775 2837 operum
805 2784 1066 2832 manantes3
1100 2783 1158 2831 et,
1182 2777 1261 2823 ubi
1292 2777 1435 2824 acrior
1462 2775 1613 2832 flatus'
1627 2775 1813 2830 exsistit,

427 2840 586 2886 summi
616 2840 760 2902 operis
790 2841 961 2901 fastigio
1004 2841 1275 2902 superfusae.
1342 2840 1527 2887 Praeter
1557 2838 1673 2886 hanc
1704 2838 1818 2884 diffi-

425 2904 636 2952 cultatem
666 2904 788 2951 haud
818 2905 963 2951 minor
995 2905 1080 2953 alia
1101 2911 1195 2952 erat
1219 2921 1229 2951 :
1264 2919 1413 2951 muros
1436 2910 1665 2965 turresque
1695 2902 1818 2948 urbis

426 2968 669 3030 praealtum
691 2982 812 3016 mare
833 2969 1064 3016 ambiebat..
1133 2969 1239 3016 Non
1260 2973 1497 3025 tormenta,
1521 2967 1605 3015 nisi
1638 2982 1663 3013 e
1694 2966 1817 3013 navi-
