2208 3408
454 287 512 332 66
800 284 1025 340 QUlNTI
1059 283 1280 330 CURTII
1313 281 1468 330 RUFI

453 418 680 465 terrerent,
713 412 980 471 pavidosque
1010 426 1144 469 equos
1165 411 1262 457 telis
1283 411 1501 468 utrimque
1532 404 1817 451 suffoderent,

450 477 539 531 Qui
568 474 772 521 cornibus
793 481 1035 534 praeerant,
1069 474 1306 520 extendere
1336 490 1389 520 ea
1412 470 1538 533 jussi,
1571 468 1633 514 ita
1663 476 1715 513 ut
1736 482 1818 511 nec

450 538 877 592 circumvenirentur,
897 538 932 583 si
952 537 1112 584 arctius
1129 543 1295 584 starent
1316 554 1328 591 ;
1363 552 1443 582 nec
1463 543 1608 583 tamen
1630 531 1817 576 mediam

450 602 585 648 aciem
622 601 910 648 exinanirent.
998 600 1313 660 Impedimcnta
1347 615 1445 645 cum
1475 596 1670 657 captivis,
1704 595 1819 640 inter

451 680 557 726 quos
579 671 719 712 mater
733 665 943 723 liberique
965 663 1091 709 Darii
1123 664 1494 719 custodiebantur,
1526 660 1644 706 haud
1664 657 1818 717 procul

449 729 539 774 acie
560 730 608 774 in
640 728 761 775 edito
790 729 901 774 colle
922 728 1180 781 constituit;
1213 728 1385 772 modico
1406 725 1620 786 praesidio
1650 720 1819 766 relicto.

452 793 648 838 Laevum
669 808 819 847 cornu,
843 792 957 837 sicut
970 792 1090 851 alias,
1116 791 1394 837 Parmenioni
1415 789 1628 836 tuendum
1651 787 1821 831 datum.

454 856 551 916 Ipse
571 856 619 900 in
641 856 797 901 dextro
814 857 971 902 stabat.
1036 855 1246 900 Nondum
1262 855 1319 899 ad
1337 854 1416 900 teli
1428 853 1598 912 jactum
1615 864 1821 911 pervene-

455 925 581 972 rant;
618 934 752 978 quum
787 919 901 964 Bion
933 919 1110 977 quidam
1153 918 1393 977 transfuga,
1437 923 1603 976 quanto
1632 915 1823 961 maximo

454 998 583 1028 cursu
614 987 830 1041 potuerat,
870 983 926 1028 ad
958 997 1103 1040 regem
1136 982 1335 1041 pervenit
1368 980 1592 1033 nuncians,
1638 979 1824 1025 murices

452 1046 612 1091 ferreos
634 1046 679 1090 in
701 1051 862 1092 terram
894 1045 1109 1090 defodisse
1132 1045 1332 1101 Darium,
1356 1059 1442 1102 qua
1462 1044 1629 1088 hostem
1651 1043 1824 1101 equites

453 1109 705 1154 emissurum
728 1125 821 1154 esse
834 1110 1039 1155 credebat
1057 1125 1066 1154 :
1085 1114 1373 1166 notatumque
1386 1113 1505 1154 certo
1523 1107 1647 1164 signo
1660 1106 1822 1161 locum,

452 1183 502 1218 ut
522 1173 640 1218 fraus
662 1173 815 1219 evitari
837 1189 863 1219 a
883 1173 969 1219 suis
984 1179 1145 1232 posset.
1191 1172 1419 1217 Asservari
1440 1172 1667 1228 transfuga
1681 1168 1821 1228 jusso,

455 1237 586 1281 duces
638 1244 878 1283 convocat:
932 1237 1221 1296 expositoque
1251 1236 1369 1294 quod
1421 1234 1676 1281 nunciatum
1715 1241 1822 1288 erat,

455 1308 616 1351 monet,
640 1306 690 1345 ut
711 1300 933 1359 regionem
965 1305 1251 1346 monstratam
1282 1299 1516 1353 declinent,
1549 1297 1825 1357 equitemque

453 1364 692 1422 periculum
714 1365 938 1409 edoceant.
1005 1364 1212 1410 Ceterum
1234 1363 1315 1408 hoe
1336 1369 1486 1409 tantus
1507 1362 1723 1406 exercitus
1749 1377 1824 1407 ex-

454 1427 604 1472 audire
624 1442 714 1471 non
734 1433 916 1487 poterat,
950 1442 1075 1472 usum
1107 1428 1277 1472 aurium
1314 1426 1619 1486 intercipiente
1649 1424 1826 1471 fremitu

454 1491 640 1535 «luorum
672 1491 924 1549 agminum;
958 1491 1100 1535 sedin
1133 1497 1370 1548 conspectu
1402 1491 1595 1535 omnium
1616 1489 1749 1534 duces
1782 1497 1826 1534 et

456 1555 701 1613 proximum
722 1569 937 1614 quemque
952 1555 1268 1613 interequitans
1288 1555 1604 1613 alloquebatur,

518 1617 642 1662 LIV.
679 1618 751 1663 14.
777 1618 977 1663 Emensis
993 1624 1061 1664 tot
1076 1625 1216 1664 terras
1231 1618 1277 1662 in
1294 1633 1413 1677 spem
1428 1619 1648 1672 victoriae,
1668 1616 1724 1661 de
1742 1631 1827 1674 qua

455 1681 749 1726 dimicandum
773 1683 902 1738 foret,
923 1683 1006 1727 hoc
1028 1697 1166 1727 unum
1188 1697 1410 1740 superesse
1432 1682 1661 1727 discrimen
1680 1696 1691 1732 ;
1712 1680 1825 1725 Gra-

453 1746 599 1789 nicum
634 1744 704 1789 1110
736 1761 922 1801 amnem,
957 1746 1222 1804 Ciliciaeque
1251 1753 1437 1798 monteS‚
1470 1751 1515 1790 et
1546 1745 1714 1805 Syriam
1737 1744 1828 1788 Ae-

451 1814 724 1867 gyptumque
744 1809 1054 1868 praeeuntibus
1068 1815 1228 1868 raptas,
1251 1808 1448 1868 ingentia
1468 1809 1560 1868 spei
1576 1808 1828 1867 gloriaeque

453 1871 747 1927 incitamenta,
791 1873 1007 1918 referebat
1030 1889 1040 1917 ε
1086 1872 1393 1932 Reprehensos
1431 1888 1484 1918 ex
1524 1872 1629 1932 fuga
1672 1872 1830 1917 Persas

452 1941 735 1993 pugnaturos,
760 1936 863 1995 quia
883 1937 1035 1994 fugere
1051 1951 1141 1981 non
1162 1943 1367 1995 possent:
1402 1937 1581 1982 tertium
1603 1936 1720 1981 diem
1731 1935 1827 1993 jam

454 2006 572 2043 metu
593 2013 843 2057 exsangues,
868 2000 997 2045 armis
1019 2000 1107 2045 suis
1124 2005 1339 2054 oneratOS,
1371 2001 1419 2044 in
1451 2000 1603 2045 eodem
1636 1998 1823 2057 vestigio

451 2063 657 2107 haerere:
692 2063 877 2108 Nullum
898 2063 1215 2123 desperationis
1235 2063 1412 2109 illorum
1442 2063 1581 2123 majus
1612 2063 1823 2108 indicium

454 2141 559 2177 esse,
583 2140 709 2183 quam
734 2127 853 2184 quod
874 2128 1017 2182 urbes,
1041 2128 1158 2185 quod
1190 2142 1309 2186 agros
1331 2143 1433 2173 suos
1454 2134 1661 2179 urerent;
1696 2126 1824 2184 quid-

454 2189 560 2247 quid
582 2204 671 2235 non
704 2191 1010 2250 corrupissent,
1044 2191 1235 2237 hostium
1266 2206 1358 2237 esse
1388 2192 1599 2237 confessi:
1633 2190 1826 2235 Nomina

453 2252 583 2297 modo
605 2268 717 2298 vana
737 2255 937 2312 gentium
957 2254 1207 2313 ignotarum
1222 2270 1277 2299 ne
1297 2255 1628 2301 extimescerent
1651 2270 1660 2299 :
1685 2268 1829 2311 neque

454 2317 568 2361 0111111
590 2317 648 2361 ad
668 2317 772 2362 belli
803 2318 1036 2364 discrimen
1068 2319 1300 2378 pertinere,
1335 2319 1412 2378 qui
1443 2320 1499 2364 ab
1529 2319 1597 2364 his
1621 2317 1827 2378 Scythae,

455 2380 581 2437 quive
615 2380 793 2427 Cadusii
826 2382 1128 2442 appellentur:
1166 2382 1240 2428 Ob
1263 2382 1308 2427 id
1341 2383 1497 2442 ipsum,
1532 2382 1650 2440 quod
1680 2381 1827 2441 ignoti

457 2450 617 2498 essent,
642 2445 857 2503 ignobiles
879 2461 1000 2492 esse:
1036 2447 1273 2506 Nunquam
1294 2446 1488 2506 ignorari
1509 2447 1625 2492 viros
1653 2446 1789 2492 fortes
1813 2461 1824 2489 ε

456 2514 503 2553 at
524 2508 718 2553 imbelles
738 2524 792 2554 ex
820 2510 999 2557 latebris
1021 2511 1108 2555 suis
1130 2516 1292 2564 erutos,
1314 2510 1425 2555 nihil
1456 2516 1629 2571 praeter
1649 2509 1828 2555 nomina

454 2572 632 2617 afferre:
666 2572 928 2620 Macedones
948 2574 1113 2621 virtute
1129 2582 1397 2633 assequutos,
1420 2589 1476 2620 ne
1491 2575 1587 2634 quis
1603 2580 1698 2621 toto
1720 2573 1828 2618 orbe

451 2636 574 2680 locus
596 2641 722 2690 esset,
747 2637 823 2696 qui
844 2638 954 2683 tales
985 2639 1098 2683 viros
1120 2639 1346 2698 ignoraret
1370 2654 1380 2683 ε
1415 2638 1701 2685 Intuerentur
1722 2637 1825 2682 bar-

456 2701 660 2745 barorum
684 2699 959 2747 inconditum
990 2713 1148 2761 agmen
1173 2718 1183 2748 :
1219 2702 1351 2748 alium
1373 2702 1483 2747 nihil
1506 2708 1677 2763 praeter
1700 2701 1827 2760 jacu-

448 2763 540 2807 lum
555 2762 744 2817 habere;
776 2764 910 2810 alium
929 2765 1066 2811 funda
1086 2781 1192 2811 saxa
1212 2766 1371 2812 librare
1394 2783 1406 2812 ε
1437 2767 1586 2826 paucis
1611 2765 1733 2825 justa
1755 2779 1825 2810 ar-

453 2841 524 2872 ma
544 2841 638 2872 esse
661 2842 672 2881 ;
707 2826 862 2887 Itaque
892 2829 1013 2875 illinc
1043 2829 1191 2890 plures
1212 2836 1354 2877 stare:
1388 2830 1490 2876 hinc
1519 2830 1666 2890 plures
1698 2828 1825 2875 dimi-

451 2898 652 2936 caturos:
688 2890 783 2938 Nec
805 2894 1026 2952 postulare
1058 2909 1116 2949 se,
1141 2899 1192 2940 ut
1212 2894 1384 2941 fortiter
1405 2899 1678 2954 capesserent
1699 2907 1825 2953 proe-

455 2955 574 3011 lium,
597 2954 641 3000 ni
674 2954 766 3016 ipse
797 2957 950 3005 ceteri-0
983 2957 1253 3006 fortitudinis
1281 2958 1435 3007 fuisset
1465 2958 1709 3020 exemplum
1733 2974 1745 3013 ;
1780 2976 1829 3006 se
