2208 3424
477 324 537 370 58
827 324 1053 381 QUINTI
1086 325 1309 373 CURTII
1343 325 1498 373 RUFI

479 452 594 500 tivae
615 451 812 513 profecto
832 466 859 498 a
889 452 1208 499 consuetudine
1241 454 1381 514 stupri
1401 460 1546 501 ortum
1569 468 1659 501 esse
1681 453 1852 514 conjec-

480 521 590 562 tans.
655 515 877 562 Submotis
906 515 1045 574 igitur
1076 516 1263 572 arbitris,
1298 532 1389 563 uno
1420 518 1636 564 duntaxat
1668 518 1852 578 Tyriote

479 584 663 634 retento,
690 578 784 639 jam
806 594 896 625 non
917 580 1040 634 flens,
1073 579 1150 625 sed
1173 580 1393 640 suspirans
1417 597 1427 627 :
1460 586 1471 608 ‘
1491 580 1683 627 Videsne
1714 582 1760 627 in
1793 588 1851 636 te,

479 640 676 701 Tyriote,
697 642 842 689 locum
864 642 1091 689 mendacio
1122 658 1212 688 non
1243 659 1338 690 esse
1359 644 1382 690 P
1416 650 1631 691 tormenta
1652 644 1748 704 jam
1779 644 1851 690 hic

476 712 631 753 erunt:
666 707 742 752 sed
774 721 833 752 ne
862 706 1182 767 exspectaveris
1203 722 1281 767 per
1313 707 1433 765 deos,
1466 708 1503 754 si
1536 708 1638 767 quid
1670 708 1737 754 tui
1770 708 1851 754 tibi

476 768 583 827 regis
616 769 885 817 reverentiae
919 777 1020 816 est:
1067 785 1187 826 num,
1219 770 1337 829 quod
1369 776 1414 818 et
1451 772 1563 818 scire
1593 778 1765 832 expeto,
1799 781 1844 817 et

475 847 684 891 quaerere
704 834 856 894 pudet,
880 848 1009 880 ausus
1031 839 1097 881 est
1128 839 1174 880 et
1206 834 1410 880 dominus
1431 842 1477 881 et
1491 834 1667 894 juvenis
1680 834 1717 881 P'
1770 834 1852 880 Ille

474 897 718 953 quaestioni
751 912 907 957 corpus
939 898 1109 954 offerre,
1154 898 1260 943 deos
1292 904 1427 944 testes
1458 898 1677 953 invocare,
1732 907 1849 945 caste

474 967 709 1020 sancteque
729 961 920 1008 habitam
945 975 1040 1007 esse
1061 960 1275 1020 reginam.
1311 961 1511 1007 Tandem
1537 967 1586 1008 ut
1605 962 1715 1007 fides
1736 962 1852 1008 facta

473 1030 540 1069 est
556 1039 658 1070 vera
689 1039 783 1071 esse
813 1038 923 1083 quae
955 1025 1190 1071 affirmaret
1223 1025 1374 1085 spade,
1399 1025 1542 1085 capite
1583 1025 1743 1079 velato,
1774 1026 1853 1070 diu

476 1085 622 1141 flevit.;
669 1088 1036 1149 manantibusque
1081 1087 1225 1134 adhue
1276 1088 1478 1144 lacrimis,
1515 1094 1634 1135 veste
1682 1089 1738 1134 ab
1778 1104 1853 1134 ore

474 1149 648 1209 rejecta,
673 1152 729 1198 ad
751 1151 920 1197 eoelum
943 1166 1097 1198 manus
1120 1152 1305 1198 tendens
1330 1168 1339 1198 :
1379 1152 1483 1197 ‘Dii
1505 1151 1661 1212 patrii‚'
1693 1152 1850 1209 inquit,

474 1214 689 1273 ‘primum
721 1215 827 1261 mihi
844 1216 1038 1262 stabilite
1068 1229 1252 1275 regnum
1277 1232 1287 1270 ;
1320 1216 1496 1271 deinde,
1521 1216 1557 1261 si
1587 1216 1642 1261 de
1674 1231 1745 1261 me
1759 1216 1851 1275 jam

473 1283 741 1325 transactum
762 1287 844 1332 est,
877 1294 1045 1339 precor,
1069 1294 1125 1325 ne
1146 1279 1244 1339 quis
1268 1279 1402 1325 Asiae
1422 1295 1502 1325 rex
1524 1279 1593 1335 sit,
1617 1295 1747 1340 quam
1771 1279 1853 1325 iste

472 1347 559 1386 tam
574 1342 722 1401 justus
741 1342 894 1398 hostis,
909 1348 1000 1389 tam
1023 1343 1266 1388 misericors
1289 1343 1460 1390 victor.’

532 1405 705 1451 XLIII.
739 1406 812 1452 11.
849 1406 1006 1466 Itaque
1037 1422 1318 1466 quamquam,
1353 1422 1459 1466 pace
1479 1406 1640 1453 frustra
1671 1407 1739 1451 bis
1773 1422 1848 1466 pe-

467 1468 562 1524 tita,
586 1469 734 1515 omnia
753 1469 800 1514 in
821 1470 984 1516 bellum
1009 1470 1189 1516 consilia
1207 1476 1500 1525 converterat,
1525 1470 1665 1516 vietus
1701 1478 1846 1515 tamen

468 1533 741 1580 continentia
761 1533 914 1589 hostis,
946 1534 1004 1580 ad
1034 1548 1171 1581 novas
1203 1536 1322 1593 pacis
1356 1534 1629 1580 conditiones
1648 1533 1851 1578 ferendas

468 1595 619 1641 decem
643 1597 812 1656 legatos
845 1604 1132 1656 cognatorum
1154 1598 1373 1658 principes
1394 1598 1514 1644 misit
1538 1613 1548 1643 ι
1583 1611 1690 1655 quos
1713 1597 1851 1642 Alex-

469 1658 619 1714 ander,
665 1660 850 1706 concilio
882 1662 1109 1717 advocato,
1141 1661 1365 1707 introduci
1390 1661 1539 1721 jussit.
1626 1659 1662 1705 E
1695 1660 1852 1720 quibus

472 1723 685 1768 maximus
707 1731 829 1780 natu,
864 1730 875 1750 ‘
898 1724 1116 1779 Darium‚’
1146 1725 1308 1783 inquit,
1343 1729 1420 1771 ‘ut
1452 1740 1603 1785 pacem
1625 1740 1649 1769 a
1682 1730 1728 1770 te
1758 1723 1850 1783 jam

467 1785 550 1831 hoe
572 1787 705 1833 tertio
726 1794 909 1847 peteret,
934 1789 1058 1833 nulla
1079 1789 1143 1833 vis
1165 1789 1366 1847 subegit:
1402 1789 1480 1833 sed
1497 1787 1670 1847 justitia
1687 1793 1732 1833 et
1748 1802 1851 1832 eon-

467 1850 658 1897 tinentia
689 1857 765 1897 tua
796 1852 1023 1911 expressit.
1088 1852 1293 1908 Matrem,
1328 1852 1576 1911 conjugem,
1608 1851 1853 1909 liberosque

471 1913 578 1973 ejus,
602 1914 687 1960 nisi
719 1915 837 1973 quod
871 1915 963 1960 sine
995 1915 1072 1960 illo
1104 1921 1222 1970 sunt,
1257 1922 1411 1975 captos
1443 1930 1538 1961 esse
1569 1930 1657 1960 non
1690 1915 1849 1960 sensit:

468 1977 706 2037 pudicitiae
747 1993 897 2024 earum
939 1994 1054 2038 quae
1095 1986 1331 2039 supersunt
1374 1994 1525 2024 curam
1570 1978 1688 2024 haud
1726 1992 1847 2023 secus

468 2056 599 2100 quam
619 2056 776 2101 parens
799 2057 947 2100 agens,
971 2043 1145 2100 reginas
1168 2043 1390 2102 appellas:
1425 2042 1612 2102 speciem
1643 2041 1853 2101 pristinae

469 2105 672 2151 fortunae
693 2106 883 2152 retinere
915 2106 1092 2165 pateris
1159 2106 1345 2152 Vultum
1376 2113 1500 2153 tuum
1537 2106 1677 2160 video,
1713 2106 1853 2163 qualis

469 2168 597 2214 Darii
612 2168 710 2224 fuit,
734 2183 867 2227 quum
891 2169 1212 2215 dimitteremur
1234 2170 1289 2214 ab
1303 2185 1385 2224 eo;
1410 2177 1454 2215 ct
1476 2170 1552 2214 ille
1573 2175 1721 2215 tamen
1744 2183 1852 2213 uxo-

470 2247 574 2286 rem,
599 2238 647 2278 tu
665 2232 834 2279 hostem
867 2233 1006 2292 luges.
1071 2233 1173 2278 Jam
1202 2234 1248 2278 in
1264 2235 1359 2279 acie
1381 2240 1532 2288 stares,
1557 2232 1640 2277 nisi
1670 2247 1775 2277 cura
1806 2240 1852 2278 te

471 2296 721 2355 sepulturae
737 2295 832 2355 ejus
863 2302 1121 2342 moraretur.
1188 2297 1248 2343 Et
1270 2297 1378 2355 quid
1401 2297 1560 2341 mirum
1592 2301 1670 2351 est,
1706 2296 1850 2341 sitam

470 2360 526 2404 ab
544 2360 685 2406 amico
706 2360 853 2405 animo
874 2375 1026 2420 pacem
1049 2361 1161 2421 petit
1183 2360 1207 2406 P
1239 2361 1344 2418 quid
1368 2375 1477 2420 opus
1500 2366 1567 2405 est
1582 2360 1713 2405 armis
1734 2359 1851 2406 inter

471 2424 697 2484 quos-odia
717 2423 891 2470 sublata
910 2424 1051 2471 sunt?
1115 2424 1264 2470 Antea
1278 2423 1464 2484 imperio
1494 2429 1574 2469 tuo
1604 2422 1852 2469 destinabat

472 2486 624 2547 Halyn
648 2503 837 2544 amnem,
861 2488 935 2548 qui
959 2487 1162 2549 Lydiam·
1182 2489 1405 2534 terminat.
1468 2487 1616 2542 Nunc,
1639 2486 1853 2546 quidquid

472 2551 588 2596 inter
618 2550 955 2611 Hellespontum
991 2558 1037 2599 et
1074 2551 1334 2611 Euphraten
1365 2557 1444 2607 est,
1478 2552 1526 2596 in
1557 2551 1705 2597 dotem
1739 2551 1853 2596 filiae

474 2613 615 2670 offert,
655 2629 782 2673 quam
831 2616 910 2661 tibi
941 2616 1106 2661 tradit:
1144 2616 1317 2661 Ochum
1351 2616 1503 2670 filium,
1538 2630 1664 2674 quem
1701 2614 1848 2667 habes,

477 2679 593 2737 pacis
625 2684 671 2724 et
691 2678 795 2724 fidei
817 2679 1014 2724 obsidem
1047 2679 1188 2725 retine
1207 2695 1217 2725 ε
1254 2685 1436 2725 matrem
1460 2685 1507 2725 et
1528 2678 1634 2724 duas
1656 2677 1847 2737 virgines

474 2742 584 2787 filias
615 2741 753 2787 redde
776 2758 786 2787 :
821 2757 902 2801 pro
932 2743 1074 2788 tribus
1105 2743 1360 2803 corporibus
1401 2743 1588 2802 triginta
1619 2741 1755 2787 millia
1785 2747 1851 2787 ta-

476 2806 595 2852 lenta
615 2805 710 2851 auri
729 2812 934 2865 precatur
955 2806 1154 2866 accipias.
1221 2807 1319 2853 Nisi
1343 2805 1683 2852 moderationem
1718 2806 1853 2850 animi

479 2869 543 2915 tui
564 2875 714 2915 notam
736 2870 957 2926 haberem,
990 2885 1081 2915 non
1103 2870 1292 2917 dicerem
1315 2871 1401 2916 hoc
1421 2885 1516 2916 esse
1546 2875 1731 2929 tempus,
1765 2882 1851 2927 quo

480 2947 630 2993 pacem
663 2948 752 2979 non
785 2933 892 2979 dare
923 2934 1078 2989 solum,
1123 2935 1202 2980 sed
1235 2935 1367 2981 etiam
1402 2947 1615 2993 occupare
1654 2931 1853 2991 debereS,

481 2996 683 3057 Respice,
708 3003 920 3057 quantum
945 3002 1046 3057 post
1067 3003 1111 3044 te
1132 2998 1357 3057 reliqueris
1377 3015 1386 3044 :
1420 2998 1607 3053 intuere,
1639 3001 1852 3057 quantum
