2200 3424
868 307 1094 365 QUINTI
1129 308 1354 356 CURTII
1387 307 1562 354 RUFI.
1848 314 1910 358 35

526 436 609 481 bus
630 436 783 497 procul
805 451 1004 493 excussa,
1022 437 1155 493 mitti,
1178 452 1268 483 non
1290 436 1432 482 scalae
1452 436 1681 483 moenibus
1702 438 1917 497 applicari

530 506 737 560 poterant
759 516 770 555 ;
803 516 1011 561 praeceps
1042 501 1090 546 in
1111 501 1250 547 salum
1272 515 1424 546 murus
1445 492 1917 562 pedestre-intercepe-

527 570 599 610 rat
621 564 706 610 iter
729 580 739 610 ε
774 580 908 610 naves
929 579 1011 609 nec
1031 564 1231 611 habebat
1244 579 1337 619 rex,
1362 569 1422 619 et,
1445 564 1482 610 si
1504 563 1784 621 admovisset,
1808 580 1915 625 pen-

530 627 689 673 dentes
730 634 776 674 et
806 628 1032 674 instabiles
1061 627 1297 675 missilibus
1328 628 1466 673 arceri
1508 632 1727 687 poterant.
1793 628 1922 676 Inter

531 705 659 748 quae,
682 706 817 750 parva
838 691 960 737 dictu
973 707 1042 737 res
1060 692 1298 752 Tyriorum
1318 690 1525 736 fiduciam
1546 691 1765 738 accendit.
1809 693 1918 738 Car-

534 754 878 813 thaginiensium
918 755 1055 815 legati
1095 756 1164 813 ad
1211 754 1521 801 celebrandum
1575 754 1921 801 anniversarium

531 832 706 864 sacrum
727 832 848 863 more
884 819 1028 878 patrie
1068 824 1178 865 tunc
1209 823 1457 865 venerant:
1491 815 1654 876 quippe
1687 817 1921 880 Carthagi-

535 896 638 926 nem
683 880 808 942 Tyrii
849 882 1158 937 condiderunt,
1204 895 1375 940 semper
1405 885 1638 940 parentum
1670 881 1768 926 loco
1800 883 1921 929 culti.

535 943 725 991 Hortari
744 959 851 1005 ergo
885 945 1023 1001 Poeni
1043 951 1296 999 coeperunt,
1331 949 1383 990 ut
1404 943 1676 989 obsidionem
1697 944 1801 991 forti
1833 949 1925 992 ani-

536 1022 610 1053 mo
633 1013 915 1067 paterentur:
939 1009 1064 1054 brevi
1087 1007 1359 1068 Carthagine
1380 1007 1546 1053 auxilia
1563 1013 1778 1055 ventura:
1803 1025 1925 1056 nam-

540 1086 627 1129 que
659 1087 711 1117 ea
750 1077 1013 1132 tempestate
1054 1087 1218 1132 magna
1248 1086 1305 1117 ex
1336 1077 1463 1131 parte
1501 1069 1679 1116 Punicis
1717 1072 1931 1119 classibus

542 1135 681 1181 maria
701 1135 1037 1185 obsidebantur,

606 1198 689 1243 IX.
752 1198 897 1258 Igitur
911 1198 1029 1252 bello
1061 1199 1257 1253 decreto,
1290 1213 1370 1258 per
1401 1211 1552 1243 muros
1582 1203 1814 1258 turresque
1835 1205 1927 1245 tor-

545 1271 698 1308 menta
719 1261 961 1322 disponunt
983 1276 1133 1308 :arma
1143 1261 1398 1321 junioribus
1420 1261 1643 1307 dividunt:
1662 1262 1941 1321 Opificesque,
2014 1303 2030 1319 ,

548 1339 736 1385 quorum
767 1325 894 1385 copia
924 1326 1030 1371 urbs
1052 1325 1324 1379 abundabat,
1347 1326 1396 1369 in
1417 1325 1613 1371 officinas
1632 1325 1940 1374 distribuunvz

551 1389 701 1446 omnia
731 1388 838 1435 belli
868 1395 1082 1449 apparatu
1115 1395 1321 1448 strepunt
1344 1404 1355 1433 ε
1389 1388 1557 1434 ferreae
1592 1402 1767 1447 quoque
1786 1404 1944 1436 manus

556 1451 851 1514 (harpaqonas
882 1452 1061 1514 vocant)
1095 1466 1204 1510 quas
1234 1452 1441 1511 operibus
1472 1451 1664 1498 hostium
1696 1452 1943 1513 injicerent,

553 1516 774 1575 corvique,
808 1522 855 1563 et
884 1515 970 1562 alia
1000 1516 1181 1563 tuendis
1211 1516 1395 1567 urbibus
1416 1515 1680 1575 excogitata,
1713 1531 1944 1577 praepara-

551 1580 732 1626 bantur.
799 1579 1007 1625 Sedcum
1019 1580 1270 1625 fornacibus
1291 1579 1470 1634 ferrum,
1495 1579 1615 1637 quod.
1632 1580 1797 1624 excudi
1815 1595 1944 1640 opor-

553 1643 694 1698 tebat,
707 1642 968 1703 impositum
990 1649 1118 1698 esset,
1142 1643 1423 1704 admotisque
1464 1642 1642 1688 follibus
1663 1643 1814 1702 ignem
1836 1644 1944 1691 flatu

553 1706 863 1761 accenderent,
896 1707 1124 1767 sanguinis
1155 1707 1238 1752 rivi
1270 1707 1355 1752 sub
1374 1706 1480 1765 ipsis
1511 1706 1696 1752 flammis
1728 1708 1946 1754 exstitisse

550 1770 763 1819 (licuntur
785 1787 795 1817 :
830 1770 966 1829 idque
981 1785 1110 1816 omen
1131 1771 1180 1815 in
1203 1770 1498 1816 Macedonum
1519 1768 1692 1816 metum'
1717 1776 1947 1817 verterunt

553 1834 696 1895 Tyrii.
776 1834 915 1893 Apud
948 1834 1218 1880 Macedonas
1255 1848 1442 1892 quoque,
1487 1848 1586 1878 cum
1629 1833 1744 1879 forte
1785 1849 1944 1895 panem

551 1897 730 1955 quidam
761 1897 950 1944 militum
982 1898 1254 1956 frangerent,
1286 1897 1508 1943 manantis
1540 1897 1767 1956 sanguinis
1798 1906 1944 1956 guttas

552 1967 855 2007 notaverunt:
901 1961 1145 2019 territoque
1177 1975 1295 2020 rege,
1341 1960 1619 2015 Aristander,
1654 1961 1947 2020 peritissimus

554 2031 719 2079 vatum,
758 2025 796 2070 si
827 2024 1100 2070 extrinsecus
1132 2038 1264 2070 cruor
1292 2023 1517 2078 fluxisset,
1543 2024 1864 2071 Macedonibus
1896 2026 1943 2070 id

553 2088 683 2134 triste
704 2087 900 2134 futurum
924 2088 1016 2134 ait:
1051 2093 1220 2143 contra,
1253 2102 1353 2133 cum
1389 2087 1444 2132 ab
1463 2087 1675 2133 interiore
1695 2094 1823 2147 parte
1856 2104 1947 2134 ma-

556 2150 742 2205 naverit,
796 2151 897 2195 urbi
959 2166 1088 2210 quam
1155 2151 1359 2197 obsidere
1412 2151 1707 2197 destinassent
1765 2152 1947 2198 exitium

555 2214 837 2273 portendere.
901 2213 1170 2270 Alexander,
1190 2229 1288 2261 cum
1312 2220 1359 2260 et
1380 2214 1561 2260 classem
1577 2215 1731 2274 procul
1752 2215 1948 2269 haberet,

556 2285 601 2323 ct
620 2278 800 2337 longam
819 2277 1094 2324 obsidionem
1114 2293 1277 2338 magno
1292 2278 1378 2324 sibi
1394 2277 1452 2323 ad
1468 2284 1615 2323 cetera
1630 2278 1949 2338 impedimento

557 2341 729 2387 videret
749 2341 856 2397 fore,
879 2341 1193 2393 caduceatores
1226 2342 1299 2401 qui
1331 2342 1391 2387 ad
1422 2356 1576 2401 pacem
1608 2356 1683 2387 eos
1715 2343 1950 2402 compelle-

556 2411 658 2451 rent
681 2405 799 2452 misit
821 2421 831 2450 :
867 2419 975 2463 quos
999 2405 1125 2465 Tyrii
1146 2413 1303 2452 contra
1316 2405 1392 2465 jus
1413 2405 1614 2464 gentium
1637 2406 1803 2451 occisos
1824 2421 1950 2465 prae-

557 2469 851 2529 cipitaverunt
872 2470 927 2514 in'
941 2468 1094 2515 altum.
1161 2470 1311 2527 Atque
1338 2469 1426 2524 ille,
1451 2482 1629 2514 suorum
1651 2476 1744 2515 tam
1766 2469 1952 2530 indigna

558 2547 666 2577 nece
689 2538 945 2586 commotus,
969 2533 1120 2578 urbem
1141 2533 1345 2578 obsidere
1366 2533 1536 2579 statuit.
1603 2532 1693 2578 Sed
1722 2540 1827 2579 ante
1842 2533 1952 2593 jaci·

557 2596 674 2641 enda
713 2596 846 2643 moles
881 2601 989 2652 erat,
1025 2610 1135 2654 quae
1172 2597 1326 2642 urbem
1358 2596 1607 2643 continenti
1639 2597 1950 2644 committeret.

561 2660 726 2719 Ingens
747 2675 855 2719 ergo
876 2661 1045 2706 animos
1067 2660 1259 2707 militum
1286 2659 1534 2720 desperatio
1555 2659 1747 2716 incessit,
1772 2675 1953 2707 cernen-

561 2724 672 2778 tium
696 2723 962 2784 profundum
985 2738 1118 2781 mare,
1143 2724 1263 2782 quod
1293 2725 1370 2769 vix
1396 2723 1547 2770 divina
1578 2738 1662 2783 ope
1692 2731 1841 2784 posset
1871 2726 1951 2770 im-

560 2787 670 2845 pleri
689 2803 699 2833 2
736 2786 861 2843 Quae
882 2801 987 2834 saxa
1006 2793 1098 2835 tam
1120 2795 1259 2844 vasta,
1283 2802 1392 2847 quas
1422 2795 1514 2835 tam
1547 2801 1750 2847 proceras
1777 2789 1956 2835 arbores

563 2866 690 2909 posse
732 2850 958 2912 reperiri?
1006 2851 1328 2898 exhauriendas
1374 2865 1469 2900 esse
1510 2851 1727 2911 regiones,
1761 2857 1814 2898 ut
1843 2852 1984 2900 illud..-

562 2914 752 2973 spatium
797 2922 1083 2975 aggeraretur
1107 2932 1117 2970 ;
1166 2922 1213 2963 et
1256 2922 1513 2963 exaestuare
1561 2929 1732 2975 semper
1777 2916 1953 2971 fretum,

563 2992 736 3036 quoque
758 2979 919 3026 arctius
941 2980 1164 3027 volut-etur
1196 2981 1313 3027 inter
1335 2979 1522 3026 insulam
1558 2985 1604 3026 et
1636 2976 1955 3036 continentem,
