2216 3408
464 252 524 300 70
806 253 1034 310 QUINTI
1068 252 1290 300 CURTII
1324 253 1479 300 RUFI

463 385 579 436 sent,
596 379 793 440 rapiunt3
817 386 864 426 et
879 380 1108 440 adgregati
1125 396 1302 427 suorum
1321 381 1540 442 equitibus
1558 380 1837 436 Macedonas,

465 444 644 504 ancipiti
675 443 995 490 circumventos
1027 444 1155 499 malo,
1187 445 1439 498 invadunt3
1488 444 1678 503 laetique
1724 446 1839 490 cirea

466 506 772 567 Sisygambim,
806 506 961 552 vicisse
993 507 1194 563 Darium,
1227 508 1398 567 ingenti
1437 508 1569 554 caede
1600 514 1840 568 prostratos

464 571 623 626 hostes,
657 570 715 615 ad
748 571 950 617 ultimum
992 570 1125 616 etiam
1169 571 1492 631 impedimentis
1534 578 1691 617 exutos
1731 585 1838 624 esse,

464 634 706 686 nunciant;
741 634 902 694 quippe
924 634 1105 679 eandem
1127 634 1348 680 fortunam
1371 636 1534 694 ubique
1566 650 1660 681 esse
1691 635 1840 680 crede-

464 699 586 752 bant,
609 703 654 743 et
676 697 863 743 victores
886 696 1040 743 Persas
1062 698 1118 743 ad
1150 699 1355 757 praedam
1388 699 1657 744 discurrisse.
1721 698 1840 757 Sisy-

463 760 648 818 gambis,
673 760 954 807 hortantibus
975 761 1157 821 captivis
1174 767 1225 807 ut
1246 762 1440 807 animum
1462 778 1488 808 a
1508 777 1705 808 moerore
1721 761 1841 806 adle-

465 830 600 879 varet,
624 824 671 869 in
693 824 860 880 eodem,
885 839 972 883 quo
994 831 1125 870 antea
1154 824 1252 879 fuit,
1274 826 1566 885 perseveravit
1591 842 1601 872 ε
1639 840 1727 870 non
1758 839 1844 869 vox

465 887 555 933 ulla
586 888 749 933 excidit
780 887 854 941 ei;
889 901 978 932 non
1011 888 1098 933 oris
1130 888 1261 943 color,
1297 889 1499 935 vultusve
1530 895 1726 935 mutatus
1747 893 1843 938 est;

465 950 579 996 sedit
599 951 848 1006 immobiliS,
870 949 1033 1012 (crede,
1052 966 1261 1011 praecoce
1280 953 1445 1010 gaudio
1466 954 1605 999 verita
1625 953 1845 997 fortunam

464 1013 668 1075 irritare,)
694 1015 805 1060 adeo
827 1019 891 1069 ut,
915 1014 1019 1072 quid
1043 1015 1204 1070 mallet,
1235 1015 1510 1062 intuentibus
1541 1015 1676 1062 fuerit
1706 1016 1845 1059 incer-

466 1085 577 1123 tum.
1394 1133 1401 1142 .

529 1140 675 1186 LVII.
712 1141 831 1189 Inter
851 1142 958 1187 haec
980 1141 1196 1197 Menidas,
1219 1142 1466 1202 praefectus
1488 1143 1684 1201 equitum
1709 1141 1845 1186 Alex-

467 1205 608 1260 andri,
642 1220 741 1250 cum
785 1206 935 1265 paucis
967 1207 1124 1251 turmis
1157 1220 1284 1264 opem
1316 1207 1649 1266 impedimentis
1681 1206 1850 1251 laturus

467 1269 739 1322 advenerat;
774 1270 988 1315 incertum
1022 1284 1160 1314 suone
1191 1270 1385 1323 consilio,
1410 1285 1468 1316 an
1500 1271 1616 1329 regis
1650 1269 1846 1328 imperio.

470 1332 560 1376 Sed
582 1346 669 1377 non
693 1333 901 1379 sustinuit
925 1331 1212 1378 Cadusiorum
1232 1333 1583 1392 Scytharumque
1604 1334 1817 1392 impetum
1837 1348 1846 1376 :

468 1395 630 1455 quippe
651 1395 726 1439 vix
749 1402 923 1442 tentato
944 1397 1182 1442 certamine
1202 1397 1366 1455 refugit
1396 1398 1454 1442 ad
1486 1411 1649 1455 regem,
1674 1396 1851 1441 amisso-

468 1473 565 1503 rum
587 1459 1001 1518 impedimentorum
1030 1461 1156 1506 testis
1178 1461 1330 1519 magis,
1354 1475 1484 1519 quam
1507 1460 1686 1505 vindex.
1748 1459 1851 1504 Jam

469 1522 697 1567 consilium
722 1524 969 1570 Alexandri
991 1524 1118 1568 dolor
1140 1522 1304 1570 vicerat
1328 1539 1338 1577 ;
1372 1530 1430 1579 ct,
1455 1540 1512 1570 ne
1534 1539 1639 1569 cura
1670 1537 1851 1582 recupe-

469 1586 598 1630 randi
621 1602 697 1631 sua
722 1587 903 1633 militem
926 1602 953 1631 a
973 1587 1138 1647 praelio
1160 1594 1390 1640 averteret,
1415 1603 1506 1632 non
1527 1587 1747 1632 immerito
1779 1600 1853 1629 ve-

471 1650 663 1695 rebatur.
729 1649 885 1709 Itaque
928 1651 1111 1704 Areten,
1146 1651 1302 1713 ducem
1346 1651 1620 1697 hastatorum
1657 1648 1854 1709 (sarissa-

464 1712 625 1772 phoros
655 1712 910 1775 vocabant),
934 1714 1144 1758 adversus
1168 1713 1353 1773 Scythas
1384 1714 1540 1760 mittit.
1604 1711 1729 1758 Inter
1748 1711 1856 1755 haec

472 1789 640 1831 currus,
674 1777 750 1836 qui
782 1778 896 1823 circa
937 1777 1077 1835 prima
1124 1776 1250 1834 signa
1296 1778 1580 1822 turbaverant
1624 1775 1775 1829 aciem,
1808 1774 1855 1818 in

471 1839 732 1898 phalangem
755 1840 917 1887 invecti
935 1846 1072 1886 erant.
1140 1840 1403 1885 Macedones
1419 1839 1687 1885 confirmatis
1701 1838 1855 1884 animis

470 1903 518 1946 in
549 1903 742 1948 medium
764 1919 923 1963 agmen
954 1902 1190 1963 accipiunt.
1256 1903 1386 1948 Vallo
1407 1904 1558 1948 similis
1580 1903 1696 1948 acies
1728 1907 1851 1947 erat:

465 1966 708 2022 junxerant
728 1967 875 2013 hastas
894 1983 905 2020 ;
935 1972 980 2013 et
1001 1968 1058 2012 ab
1079 1971 1266 2025 utroque
1286 1966 1424 2012 latere
1445 1973 1608 2012 temere
1628 1966 1856 2011 incurren—

475 2030 585 2074 tium
609 2030 685 2076 ilia
706 2031 1044 2084 subfodiebant3
1069 2029 1298 2076 circumire
1319 2030 1480 2075 deinde
1502 2045 1669 2084 currus,
1689 2035 1734 2075 et
1755 2043 1855 2088 pro-

476 2099 742 2152 pugnatores
759 2095 1046 2154 praecipitare
1067 2100 1320 2152 coeperunt.
1387 2093 1550 2153 Ingens
1571 2094 1701 2138 ruina
1722 2106 1855 2151 equo-

475 2171 573 2201 rum
610 2159 947 2218 aurigarumque
979 2158 1115 2203 aciem
1148 2157 1469 2215 compleverat:
1504 2157 1550 2202 hi
1582 2156 1756 2201 territos
1787 2170 1857 2199 re-

475 2235 580 2278 gere
600 2237 690 2267 non
711 2228 918 2282 poterant
936 2238 946 2266 :
982 2222 1084 2281 equi
1105 2221 1257 2266 crebra
1270 2221 1513 2278 jactatione
1534 2221 1750 2266 cervicum
1767 2233 1857 2263 non

468 2284 629 2342 jugum
654 2287 785 2331 modo
805 2291 1098 2340 excusserant,
1124 2284 1201 2330 sed
1230 2284 1361 2329 etiam
1394 2300 1547 2330 currus
1578 2287 1856 2334 everterant:

477 2349 695 2395 vulnerati
734 2349 989 2397 interfectos
1021 2349 1255 2396 trahebant
1278 2364 1289 2393 :
1336 2364 1417 2393 nec
1447 2348 1685 2394 consistere
1716 2345 1859 2392 territi

478 2427 558 2458 nec
591 2414 796 2472 progredi
828 2414 992 2459 debiles
1024 2416 1245 2473 poterant.
1309 2411 1480 2457 Paucae
1510 2418 1658 2458 tamen
1685 2424 1861 2455 evasere

479 2477 717 2536 quadrigae
736 2478 784 2522 in
805 2477 1003 2524 ultimam
1039 2477 1189 2531 aciem,
1213 2475 1278 2530 iis,
1302 2476 1458 2534 quibus
1489 2476 1757 2525 inciderunt,
1780 2473 1860 2517 mi-

479 2540 654 2587 serabili
695 2547 838 2587 morte
872 2541 1177 2600 consumptis:
1213 2539 1374 2599 quippe
1404 2545 1631 2599 amputata
1663 2538 1858 2582 virorum

481 2605 678 2651 membra
698 2604 821 2650 humi
835 2605 1043 2665 jacebant
1065 2620 1076 2658 ;
1112 2610 1157 2650 et
1188 2603 1289 2661 quia
1319 2603 1469 2649 calidis
1502 2603 1646 2648 adhuc
1668 2601 1860 2645 vulneri·-

479 2673 561 2715 bus
594 2669 746 2714 aberat
777 2669 916 2724 dolor,
950 2668 1095 2715 trunci
1127 2680 1301 2727 quoque
1333 2674 1379 2713 et
1410 2667 1575 2712 debiles
1606 2680 1728 2710 arma
1770 2679 1859 2708 non

480 2732 780 2785 omittebant3
827 2733 980 2788 donec,
1016 2733 1157 2779 multo
1190 2731 1406 2789 sanguine
1437 2731 1588 2785 effuso,
1622 2728 1861 2773 exanimati

481 2798 835 2858 procumberent.

544 2859 720 2906 LVIII.
756 2860 941 2907 Interim
963 2859 1135 2914 Aretes,
1156 2857 1434 2918 Scytharum,
1454 2857 1528 2917 qui
1545 2854 1860 2915 impedimenta

481 2924 758 2986 diripiebant,
794 2925 907 2973 duce
939 2923 1094 2979 occiso,
1117 2923 1287 2982 gravius
1318 2922 1483 2970 territis
1503 2920 1710 2969 instabat.
1778 2918 1859 2963 Su-
