2200 3408
425 287 483 333 2ss
791 287 1020 345 QUINTI
1053 287 1271 336 CURTII
1304 289 1460 337 RUFI

428 430 510 462 nec
533 415 761 474 quicquam
782 429 838 461 ex
857 414 1071 475 pristinae
1091 415 1296 469 fortunae
1320 417 1648 477 magnificentia
1670 418 1808 478 capti-

430 479 495 525 vis
517 488 690 539 praeter
709 478 918 525 fiduciam
940 477 1094 533 defuit.
1161 478 1316 539 Itaque
1334 480 1621 542 Sysigambis„
1648 485 1662 511 ⁶
1681 480 1812 536 Rex‚'

427 542 583 601 inquit,
609 545 620 567 ‘
642 542 822 588 mereris
853 550 906 589 ut
927 556 981 591 ea
999 544 1228 601 precemur
1248 543 1344 599 tibi,
1363 558 1477 605 quae
1499 543 1639 593 Dario
1660 553 1816 592 nostro

431 604 653 666 quondam
684 610 891 665 precatae
921 619 1096 661 sumus:
1131 610 1195 661 et,
1225 612 1277 654 ut
1297 606 1441 665 video,
1474 607 1636 668 dignus
1658 623 1706 659 es
1737 609 1811 669 qui

427 674 603 716 tantum
634 682 784 729 regem
816 684 909 716 non
938 667 1150 719 felicitate
1170 669 1309 716 solum
1341 671 1420 717 sed
1440 671 1574 718 etiam
1594 672 1817 731 aequitate

427 731 712 800 superaveris.
779 733 848 779 Tu
870 731 1049 793 quidem
1068 738 1253 780 matrem
1277 747 1350 781 me
1370 740 1416 782 et
1437 735 1635 795 reginam
1655 749 1813 789 voeas;

426 796 505 842 sed
526 810 611 856 ego
630 810 702 841 me
722 801 843 845 tuam
863 796 1071 848 famulam
1102 811 1198 843 esse
1219 796 1447 847 confiteor.
1513 797 1575 846 Et
1606 800 1817 860 praeteri-

428 867 501 907 tae
532 859 737 906 fortunae
767 860 992 921 fastigium
1024 861 1165 921 capio,
1199 867 1245 906 et
1265 861 1509 921 praesentis
1532 861 1693 922 jugum
1724 864 1818 923 pati

431 937 625 984 possum.
692 922 790 970 Tua
819 924 1021 978 interest,
1053 924 1335 983 quantumin
1367 938 1448 969 nos
1478 924 1666 981 licuerit,
1702 927 1738 972 si
1769 926 1815 972 id

429 986 578 1047 potius
593 985 827 1044 clementia
848 1001 982 1047 quam
1003 987 1186 1039 saevitia
1207 988 1272 1034 vis
1292 1002 1387 1034 esse
1407 987 1650 1038 testatum.’
1716 990 1817 1036 Rex

429 1052 595 1096 bonum
628 1050 822 1096 animum
856 1050 1021 1097 habere
1040 1066 1113 1097 eas
1128 1050 1286 1110 jussit;
1323 1050 1452 1097 Darii
1483 1051 1645 1098 deinde
1677 1052 1816 1099 filium

431 1113 545 1159 collo
567 1128 648 1160 suo
670 1113 879 1161 admovit.
945 1115 1096 1175 Atque
1108 1114 1222 1159 nihil
1241 1115 1319 1161 ille
1334 1120 1574 1175 conspectu
1595 1121 1705 1162 tunc
1728 1117 1815 1176 pri-

430 1191 550 1222 mum
582 1193 609 1223 a
631 1192 678 1223 se
709 1178 790 1224 visi
822 1177 1087 1226 conterritus
1119 1178 1334 1225 cervicem
1365 1177 1458 1238 ejus
1489 1180 1693 1225 manibus
1725 1195 1815 1226 am·
1837 1172 1875 1184 '⁶

428 1241 652 1301 plectitur.
717 1241 869 1288 Motus
901 1256 1008 1300 ergo
1027 1257 1106 1288 rex
1127 1241 1377 1301 constantia
1408 1242 1548 1303 pueri,
1582 1242 1814 1303 Hephaes—

429 1305 595 1351 tionem
616 1305 808 1360 intuens,
834 1309 845 1330 ‘
862 1305 1010 1361 Quam
1030 1303 1215 1361 vellem,'
1235 1306 1396 1366 inquit,
1433 1310 1444 1332 ‘
1459 1305 1625 1353 Darius
1646 1306 1814 1367 aliquid

428 1384 482 1414 ex
503 1369 586 1414 hac
606 1368 757 1415 indole
776 1369 993 1415 hausisset
1007 1368 1034 1415 1‘
2039 1386 2050 1438 3

491 1430 712 1478 XXXIII.
747 1433 864 1479 Tum
895 1433 1182 1480 tabernaculo
1212 1446 1426 1492 egressus,
1470 1432 1611 1479 tribus
1649 1434 1737 1480 aris
1767 1435 1814 1479 in
2045 1433 2050 1443 ⁵

425 1496 521 1556 ripa
544 1494 697 1542 Pinari
728 1496 883 1544 amnis,
900 1496 931 1542 J
934 1496 1005 1542 ovi
1026 1504 1161 1557 atque
1192 1495 1379 1542 Herculi
1401 1495 1715 1555 Minervaeque
1747 1513 1813 1543 sa-

426 1560 571 1615 cratis,
607 1559 779 1620 Syriam
809 1560 951 1619 petit;
986 1559 1267 1616 Damascum,
1302 1560 1378 1605 ubi
1419 1559 1538 1619 regis
1567 1574 1677 1619 gaza
1707 1570 1817 1615 erat,

425 1623 719 1669 Parmenione
739 1625 993 1684 praemisso.
1059 1625 1134 1670 13.
1166 1624 1317 1682 Atque
1328 1624 1366 1669 is
1379 1637 1514 1681 quum
1534 1625 1817 1683 praecessisse

426 1686 553 1732 Darii
575 1695 793 1747 satrapam
825 1687 1122 1748 comperisset,
1145 1688 1310 1734 veritus
1332 1702 1388 1733 ne
1419 1688 1616 1747 paucitas
1638 1702 1816 1733 suorum

422 1757 717 1810 sperneretur,
762 1766 982 1798 arcessere
1013 1752 1221 1812 majorem
1254 1765 1434 1796 manum
1467 1752 1635 1799 statuit.
1726 1752 1813 1798 Sed

419 1814 534 1860 forte
565 1814 613 1859 in
635 1814 935 1874 exploratores
967 1816 1023 1861 ab
1054 1831 1106 1861 eo
1137 1815 1395 1875 praemissos
1438 1813 1595 1861 incidit
1635 1815 1816 1862 natione

422 1877 620 1933 Mardus,
665 1878 754 1937 qui,
789 1879 847 1924 ad
882 1878 1220 1925 Parmenionem
1262 1877 1516 1938 perductus,
1561 1878 1714 1925 literas
1758 1880 1814 1924 ad

423 1940 730 1987 Alexandrum
753 1957 780 1988 a
800 1942 1023 2002 praefecto
1055 1942 1265 1988 Damasci
1288 1941 1443 1986 missas
1463 1940 1601 1987 tradit
1622 1941 1664 1987 ei
1689 1958 1698 1987 :
1734 1957 1817 1987 nec

422 2005 625 2051 dubitare
667 2020 781 2062 eum,
815 2006 926 2066 quin
958 2019 1135 2051 omnem
1167 2006 1333 2064 regiam
1366 2004 1681 2064 supellectilem
1715 2021 1815 2051 cum

420 2069 608 2128 pecunia
628 2069 838 2125 traderet,
862 2068 1038 2128 adjecit.
1107 2068 1352 2123 Parmenio,
1368 2069 1581 2114 asservari
1602 2084 1655 2114 eo
1672 2067 1811 2128 jusso,

414 2133 565 2178 literas
587 2132 742 2191 aperit,
765 2134 815 2178 in
834 2133 959 2192 queis
980 2138 1073 2179 erat
1092 2132 1322 2192 seriptum,
1346 2137 1397 2178 ut
1418 2137 1590 2177 mature
1610 2132 1808 2178 Alexan-

417 2195 496 2240 der
516 2195 708 2255 aliquem
729 2212 784 2242 ex
806 2196 994 2242 ducibus
1016 2196 1103 2241 suis
1137 2196 1334 2243 mitteret
1355 2210 1456 2240 eum
1479 2209 1612 2240 manu
1635 2195 1811 2255 exigua.

420 2259 576 2319 Itaque
598 2274 643 2304 rc
664 2260 857 2319 cognita,
884 2260 1104 2314 Mardum,
1123 2260 1239 2305 datis
1260 2259 1508 2313 comitibuS‚
1533 2259 1589 2303 ad
1610 2259 1810 2319 prodit04

415 2339 507 2368 rem
549 2322 750 2370 remittit.
816 2323 899 2369 Ille
954 2338 978 2369 e
1029 2323 1230 2369 manibus
1273 2322 1615 2368 custodientium
1663 2323 1810 2382 lapsus

416 2386 682 2432 Damascum
706 2394 810 2435 ante
831 2387 976 2433 lucem
996 2387 1149 2433 intrat.
1215 2386 1492 2431 Turbaverat
1524 2400 1575 2430 ea
1606 2401 1677 2431 res
1702 2386 1806 2431 Par-

416 2450 629 2495 menionis
666 2451 861 2497 animum
904 2450 1084 2496 insidias
1126 2450 1361 2496 timentis:
1396 2456 1442 2496 et
1484 2449 1690 2508 ignotum
1725 2451 1809 2496 iter

416 2515 509 2559 sine
541 2514 652 2558 duce
683 2530 773 2560 non
795 2515 987 2560 audebat
1007 2514 1191 2573 ingredi.
1257 2513 1480 2560 Felicitati
1508 2519 1660 2559 tamen
1692 2514 1809 2572 regis

414 2578 481 2622 sui
514 2577 714 2632 confisus,
758 2584 955 2639 agrestes
987 2579 1061 2638 qui
1094 2578 1229 2623 duces
1259 2577 1431 2624 itineris
1479 2584 1625 2624 essent
1664 2578 1805 2637 excipi

406 2640 569 2698 jussit:
604 2642 763 2700 'quibus
795 2642 997 2688 celeriter
1027 2642 1227 2702 repertis,
1262 2647 1421 2701 quarto
1454 2641 1528 2686 die
1559 2642 1616 2686 ad
1649 2642 1804 2686 urbem
2008 2685 2011 2694 ‚

412 2705 627 2763 pervenit,
638 2704 733 2764 jam
754 2711 982 2752 metuente
996 2705 1218 2766 praefecto
1238 2720 1297 2751 ne
1313 2705 1394 2751 sibi
1414 2705 1524 2751 fides
1541 2704 1693 2751 habita
1714 2719 1803 2749 non
2006 2705 2026 2762 3²

411 2774 540 2814 esset.
606 2767 752 2828 Igitur
793 2769 919 2829 quasi
962 2768 1433 2829 parum'munimentis
1466 2769 1617 2828 oppidi
1648 2768 1802 2822 fidens,
2017 2772 2019 2776 ’

412 2840 516 2879 ante
547 2832 652 2892 solis
666 2839 833 2883 *ortum
866 2833 1095 2893 pecuniam
1123 2833 1288 2892 regiam
1326 2831 1503 2894 [yazam
1538 2831 1697 2878 Persae
1728 2847 1802 2876 vo-

411 2895 534 2958 eant)
559 2910 659 2941 cum
681 2897 1007 2957 pretiosissimis
1019 2912 1167 2943 rerum
1184 2897 1326 2943 efferri
1333 2897 1479 2956 jubet,
1498 2896 1647 2956 fugam
1671 2896 1802 2942 simu--·

407 2961 528 3014 lans3
565 2974 731 3019 revera,
750 2968 796 3009 ut
810 2961 1018 3021 praedam
1041 2962 1158 3008 hosti
1181 2962 1370 3007 offerret.
