2192 3392
382 265 443 314 20
721 262 946 321 QUINTI
978 263 1201 312 CURTII
1233 263 1407 312 RUFI.

388 399 572 453 utraque
600 389 711 438 acies
741 396 873 446 erat-3
906 368 1040 451 quum
1080 391 1246 451 priores
1278 392 1438 439 Persae
1478 390 1753 439 inconditum

387 462 434 505 et
469 461 635 504 trucem
655 454 880 502 sustulere
910 455 1153 502 clamorem.
1219 455 1442 504 Redditur
1473 460 1520 503 et
1550 469 1577 502 a
1605 455 1753 502 Mace-

385 519 573 567 donibus
608 517 757 577 major,
801 518 1017 567 exercitas
1062 518 1230 579 impare
1280 533 1477 575 numero,
1520 518 1598 565 sed
1631 517 1753 581 jugis

388 582 602 631 montium
622 581 841 641 vastisque
861 581 1043 630 saltibus
1063 596 1341 643 repercussus
1363 599 1374 630 ε
1406 581 1566 642 quippe
1586 596 1756 643 semper

385 644 659 706 circumjecta
698 659 879 691 nemora
917 651 1164 707 petraeque,
1201 651 1595 705 quantamcumque
1636 659 1758 693 aece-

387 723 489 769 pere
520 723 684 765 vocem,
728 708 1020 770 multiplicato
1061 723 1169 755 sono
1209 708 1420 757 referunt.
1502 708 1759 756 Alexander

388 783 492 820 ante
512 773 651 833 prima
667 772 794 832 signa
811 772 919 829 ibat,
951 771 1190 819 identidem
1222 787 1356 818 manu
1386 787 1488 819 suos
1517 771 1755 825 inhibens,
1743 787 1754 798 ·

386 852 444 884 ne
464 836 673 897 suspensi,
705 836 847 882 acrius
887 836 945 882 ob
975 835 1152 882 nimiam
1183 834 1505 882 festinationem
1537 835 1758 882 concitato
1847 872 1850 873 γ

388 900 559 962 spiritu,
582 905 855 960 capesserent
876 899 1100 960 praelium.
1165 898 1364 959 Cumque
1392 899 1558 959 agmini
1579 899 1759 959 obequi-

386 969 514 1021 taret,
546 963 665 1009 varia
694 977 737 1009 o
723 962 906 1020 vatione,
938 969 990 1010 ut
1029 962 1239 1022 cujusque
1269 962 1423 1008 animis
1454 967 1607 1023 aptum
1648 970 1758 1018 erat,

387 1027 544 1075 milites
565 1026 880 1086 alloquebatur.
944 1026 1222 1083 Macedones,
1254 1031 1324 1074 tot
1353 1025 1567 1072 bellorum
1594 1026 1643 1072 in
1663 1025 1757 1073 Eu-

388 1106 495 1152 ropa
526 1091 724 1145 victores,
748 1089 806 1137 ad
827 1090 1113 1150 subigendam
1143 1090 1297 1136 Asiam
1317 1095 1449 1149 atque
1477 1089 1634 1135 ultima
1656 1088 1759 1135 Ori-

391 1156 518 1212 entis,
541 1170 631 1202 non
660 1154 796 1214 ipsius
816 1154 949 1213 magis
969 1168 1099 1213 quam
1119 1168 1199 1200 suo
1211 1154 1351 1208 ductu
1370 1152 1568 1215 profecti,
1589 1153 1761 1200 invete-

390 1226 511 1266 ratae
557 1217 729 1266 virtutis
780 1217 1131 1264 admonebantur
1152 1233 1163 1263 :
1221 1217 1326 1264 Illos
1375 1223 1591 1264 terrarum
1636 1217 1755 1262 orbis

388 1282 654 1338 liberatores,
686 1290 967 1340 emensosque
997 1281 1102 1327 olim
1122 1280 1331 1327 Herculis
1360 1286 1406 1328 et
1438 1280 1589 1326 Liberi
1620 1280 1759 1341 patris

390 1346 611 1402 terminos,
629 1360 718 1391 non
742 1344 887 1391 Persis
906 1345 1050 1399 modo,
1073 1344 1151 1390 sed
1164 1345 1299 1392 etiam
1320 1344 1523 1390 omnibus
1543 1344 1754 1404 gentibus

389 1409 664 1470 imposituros
676 1408 872 1469 jugum;
907 1409 1196 1455 Macedonum
1230 1407 1392 1455 Bactra
1410 1414 1456 1454 et
1477 1407 1614 1454 Indos
1632 1407 1757 1454 fore·

390 1472 567 1519 minima
586 1487 677 1519 esse
697 1487 809 1532 quae
829 1487 947 1518 nunc
967 1473 1277 1519 intuerentur:
1311 1472 1389 1518 sed
1409 1470 1556 1517 omnia
1575 1471 1762 1517 victoria

390 1537 566 1598 parari:
599 1536 735 1582 Νοιι
722 1551 770 1582 ιιι
791 1535 1035 1596 praeruptis
1053 1535 1187 1597 petris
1209 1535 1460 1597 Illyriorum
1480 1540 1526 1581 et
1548 1534 1764 1582 Thraciae

392 1600 505 1647 saxis
528 1600 718 1647 sterilem
747 1599 941 1646 laborem
971 1599 1097 1646 fore·
1087 1634 1098 1653 ,
1130 1599 1269 1659 spolia
1299 1599 1436 1645 totius
1470 1597 1666 1645 Orientis
1698 1598 1764 1644 of-

391 1664 523 1710 ferri:
548 1663 636 1709 Vix
650 1662 799 1723 gladio
812 1662 1008 1709 futurum
1024 1678 1133 1725 opus
1149 1678 1161 1716 ;
1184 1669 1326 1709 totam
1345 1661 1482 1709 aciem
1499 1677 1581 1708 suo
1601 1676 1764 1722 pavore

391 1727 679 1774 fluctuantem
695 1727 961 1773 umbonibus
983 1741 1108 1788 posse
1129 1726 1328 1787 propelli.
1392 1725 1548 1772 Victor
1567 1725 1626 1772 ad
1655 1725 1765 1771 haec

392 1790 726 1838 Atheniensium
749 1789 977 1851 Philippus
999 1796 1123 1850 pater
1153 1790 1452 1845 invocabatur,
1486 1789 1765 1848 domitaeque

388 1869 528 1914 nuper
562 1853 783 1908 Boeotiae,
815 1860 862 1900 et
893 1853 1011 1899 urbis
1044 1854 1093 1899 in
1122 1869 1173 1899 ea
1204 1852 1497 1900 nobilissimae
1528 1853 1586 1898 ad
1617 1853 1760 1899 solum

388 1917 559 1964 dirutae
578 1917 741 1976 species
761 1917 1169 1976 repraesentabatur
1189 1916 1345 1962 animis
1362 1932 1373 1970 ;
1398 1915 1494 1975 jam
1517 1915 1761 1962 Granicum

389 1996 574 2036 amnem,
589 1980 682 2041 jam
701 1985 771 2027 tot
803 1980 945 2034 urbes,
979 1986 1057 2026 aut
1077 1986 1353 2040 expugnatas
1369 1986 1447 2026 aut
1467 1979 1514 2024 in
1534 1979 1667 2025 fidem
1689 1994 1763 2025 ac-

388 2050 550 2105 ceptas,
582 2043 812 2102 omniaque
841 2057 951 2101 quae
982 2048 1081 2104 post
1101 2049 1275 2104 tergum
1296 2049 1420 2090 erant
1441 2048 1580 2089 strata
1609 2048 1655 2089 et
1685 2058 1763 2103 pe-

387 2109 515 2155 dibus
566 2108 755 2168 ipsorum
796 2106 992 2167 subjecta
1026 2107 1310 2154 memorabat.
1395 2106 1544 2162 Quum
1595 2106 1766 2153 adierat

393 2172 599 2227 Graecos,
642 2171 920 2225 admonebat,
959 2171 1017 2217 ab
1050 2170 1105 2216 iis
1138 2170 1347 2231 gentibus
1387 2170 1511 2218 illata
1553 2169 1767 2216 Graeciae

389 2236 517 2292 bella,
543 2235 669 2281 Dazii
689 2234 825 2295 prius,
857 2234 1017 2280 deinde
1049 2234 1207 2281 Xerxis
1238 2233 1485 2289 insolentia,
1519 2248 1675 2292 aquam
1697 2234 1765 2294 ip-

390 2316 480 2347 sam
511 2307 757 2357 terramque
786 2298 1134 2358 postulantium:
1165 2303 1217 2345 ut
1247 2312 1389 2356 neque
1417 2297 1607 2344 fontium
1635 2297 1765 2344 haus-

390 2371 496 2419 tum,
513 2378 595 2409 nec
615 2363 765 2409 solitos
796 2360 917 2409 cibos
936 2361 1245 2421 relinquerent.
1309 2361 1428 2407 Dein
1449 2361 1582 2408 deum
1602 2361 1767 2421 templa

390 2427 526 2474 ruinis
547 2434 593 2474 et
621 2425 796 2486 ignibus
834 2440 928 2471 esse
958 2425 1117 2482 deleta,
1139 2426 1270 2471 urbes
1289 2439 1440 2472 eorum
1461 2430 1736 2485 expugnatas
1754 2441 1766 2477 ;

390 2491 565 2538 foedera
585 2489 761 2538 humani
793 2488 1015 2552 divinique
1038 2489 1151 2550 juris
1171 2489 1335 2536 violata
1364 2488 1597 2536 referebat.
1661 2488 1769 2548 Illy-

392 2555 479 2602 rios
499 2569 603 2600 vero
623 2559 669 2600 et
700 2553 908 2609 Thracas,
930 2562 1058 2613 rapto
1088 2553 1235 2599 vivere
1266 2558 1472 2607 assuetos,
1507 2553 1645 2600 aciem
1666 2553 1767 2598 hos-

393 2620 501 2666 tium
534 2631 639 2665 auro
669 2631 946 2677 purpuraque
975 2617 1218 2678 fulgentem
1238 2617 1401 2664 intueri
1423 2616 1624 2677 jubebat,
1643 2631 1768 2676 prae-

394 2684 508 2739 dam,
531 2696 622 2728 non
642 2696 762 2727 arma
781 2686 1045 2739 gestantem:
1079 2680 1216 2737 Irent,
1240 2686 1286 2728 et
1318 2680 1564 2727 imbellibus
1594 2679 1768 2726 feminis

392 2761 544 2793 aurum
584 2744 666 2790 viri
701 2744 952 2805 eriperent:
996 2759 1147 2806 aspera
1176 2744 1391 2792 montium
1433 2758 1609 2791 suorum
1643 2743 1768 2804 juga,

394 2810 620 2869 nudosque
640 2808 772 2855 colles
793 2813 840 2855 et
870 2814 1081 2869 perpetuo
1100 2808 1296 2869 rigentes
1325 2807 1436 2869 gelu,
1460 2807 1627 2856 ditibus
1660 2807 1765 2854 Per-

393 2888 536 2922 sarum
557 2872 718 2934 campis
733 2871 934 2931 agrisque
955 2879 1182 2921 mutarent.

455 2936 600 2987 XXV.
632 2936 707 2986 11.
738 2935 842 2985 Jam
874 2936 931 2984 ad
973 2936 1049 2985 teli
1082 2936 1252 2999 jactum
1294 2943 1596 2997 pervenerant,
1638 2951 1772 2997 quum
