2208 3392
410 280 472 325 22
764 282 990 339 QUINTI
1023 282 1248 330 CURTII
1282 282 1437 330 RUFI

409 421 537 454 verso
567 423 743 467 corpore
775 410 1025 456 vulneribus
1065 410 1268 471 acceptis.
1332 411 1455 458 Inter
1490 411 1573 458 hos
1603 412 1783 472 Atizyes

405 477 455 518 et
475 471 795 527 Rheomithres,
819 480 863 520 et
885 474 1072 521 Sabaces
1093 480 1270 533 praetor
1290 474 1500 535 Aegypti,
1526 489 1784 535 magnorum

408 535 675 580 exercituum
695 537 918 596 praefecti,
950 537 1305 584 noscitabantur:
1340 539 1455 584 circa
1470 553 1545 584 eos
1565 539 1784 587 cumulata

408 603 504 644 erat
524 597 721 657 peditum
743 601 1020 659 equitumque
1039 601 1261 646 obscurior
1281 602 1425 648 turba.
1490 601 1782 649 Macedonum

406 674 579 719 quoque
599 677 689 707 non
710 664 885 722 quidem
900 664 1039 718 multi,
1063 664 1142 709 sed
1161 665 1478 725 promptissimi
1499 671 1646 712 tamen
1667 668 1782 713 caesi

407 731 520 770 sunt.
606 725 729 773 Inter
769 741 875 785 quos
911 727 1154 774 Alexandri
1195 727 1401 774 dextrum
1444 729 1586 775 femur
1624 729 1782 776 ieviter

409 801 619 834 mucrone
648 791 926 850 perstrictum
950 797 1029 838 est.

465 851 660 898 XXVII.
691 854 881 915 Jamque
896 857 971 913 qui
993 854 1179 901 Darium
1202 854 1421 902 vehebant
1443 855 1557 913 equi,
1592 857 1782 903 confossi

400 915 538 961 hastis
559 922 605 963 et
634 918 788 963 dolore
809 919 989 973 efferati,
1006 919 1164 978 jugum
1196 925 1373 976 quatere
1405 924 1451 964 et
1473 933 1614 977 regem
1646 935 1774 966 curru

400 983 607 1026 excutere
636 988 897 1041 coeperant:
933 996 1031 1028 cum
1062 983 1149 1039 ille,
1183 982 1348 1029 veritus
1369 996 1427 1027 ne
1458 982 1583 1028 vivus
1613 984 1785 1031 veniret

401 1042 448 1087 in
469 1042 662 1089 hostium
692 1051 968 1105 potestatem,
992 1046 1150 1102 desilit,
1184 1046 1297 1092 etin
1318 1059 1475 1104 equum
1508 1047 1579 1104 qui
1611 1048 1670 1092 acl
1701 1047 1783 1093 hoc

403 1108 663 1165 sequebatur
703 1109 979 1169 imponitur3
1012 1110 1257 1169 insignibus
1299 1123 1470 1168 quoque
1499 1110 1686 1170 imperii,
1726 1125 1783 1156 ne

402 1169 552 1230 fugam
585 1172 836 1231 proderent,
867 1174 1073 1220 indecore
1104 1173 1297 1233 abjectis.
1367 1174 1483 1218 Tum
1515 1189 1617 1219 vero
1649 1175 1784 1220 ceteri

403 1234 668 1294 dissipantur
699 1242 836 1293 metu,
858 1244 903 1284 et
925 1251 1010 1296 qua
1041 1238 1196 1296 cuique
1227 1238 1409 1297 patebat
1431 1237 1490 1283 ad
1510 1237 1658 1298 fugam
1692 1237 1775 1292 via,

404 1307 650 1358 erumpunt,
684 1314 806 1346 arma
827 1301 1042 1360 jacientes
1073 1315 1183 1360 quae
1211 1301 1342 1360 paulo
1373 1307 1479 1347 ante
1509 1301 1567 1347 ad
1596 1301 1781 1349 tutelam

403 1376 634 1423 corporum
657 1371 931 1424 sumpserant
954 1382 964 1411 :
998 1365 1108 1410 adeo
1124 1380 1260 1426 pavor
1282 1366 1414 1412 etiam
1441 1365 1604 1410 auxilia
1635 1366 1783 1425 formi-

402 1426 493 1471 dat.
561 1427 759 1474 Instabat
789 1428 1054 1488 fugientibus
1075 1444 1204 1488 eques
1225 1443 1252 1475 a
1284 1428 1575 1475 Parmenione
1594 1429 1752 1474 missus
1774 1445 1785 1482 ;

404 1496 449 1535 et
480 1490 594 1538 forte
623 1492 670 1536 in
711 1492 760 1536 id
791 1508 925 1539 cornu
967 1508 1117 1539 omnes
1148 1493 1254 1552 fuga
1290 1493 1544 1539 abstulerat.
1629 1494 1694 1539 At
1733 1493 1781 1537 in

404 1553 564 1601 dextro
587 1555 746 1602 Persae
780 1556 1009 1602 Thessalos
1039 1556 1206 1615 equites
1237 1556 1521 1602 vehementer
1551 1558 1783 1616 urgebant.

403 1617 592 1676 Jamque
614 1633 698 1665 una
719 1620 789 1665 ala
808 1621 900 1681 ipso
921 1620 1089 1681 impetu
1120 1620 1371 1681 proculcata
1387 1626 1500 1675 erat,
1524 1634 1622 1665 cum
1646 1620 1784 1665 Thes-

396 1681 485 1726 sali
507 1689 694 1738 strenue,
715 1684 988 1730 circumactis
1010 1685 1129 1743 equis
1151 1684 1321 1743 dilapsi,
1338 1698 1488 1729 rursus
1508 1684 1556 1728 in
1572 1684 1784 1744 praelium

404 1744 606 1802 redeunt,
651 1762 905 1807 sparsosque
947 1754 994 1794 et
1023 1748 1333 1807 incompositos
1375 1747 1587 1794 victoriae
1626 1747 1787 1793 fiducia

403 1809 613 1855 barbaros
632 1810 807 1870 ingenti
827 1812 962 1858 caede
982 1817 1279 1871 prosternunt.
1346 1811 1461 1870 Equi
1482 1811 1645 1871 pariter
1665 1812 1785 1870 equi-

403 1878 556 1930 tesque
579 1873 810 1920 Persarum
832 1876 942 1921 serie
973 1875 1235 1920 laminarum
1267 1890 1437 1934 graves,
1472 1889 1645 1934 agmen,
1669 1876 1787 1933 quod

404 1936 628 1983 celeritate
658 1938 849 1984 maxime
877 1944 1063 1991 constat,
1098 1953 1229 1997 aegre
1264 1938 1590 1992 moliebantur;
1624 1940 1785 1999 quippe

406 2000 453 2045 in
474 1999 823 2060 circumagendis
853 2002 975 2060 cquis
1006 2002 1093 2047 suis
1127 2002 1325 2047 Thessali
1356 2002 1521 2047 multos
1552 2016 1791 2063 occupave-

404 2069 520 2109 rant.
586 2064 685 2111 Hac
716 2072 810 2111 tam
840 2081 1049 2126 prospera
1079 2081 1229 2125 pugna
1260 2066 1481 2119 nunciata,
1521 2063 1789 2119 Alexander,

405 2142 495 2172 non
517 2135 621 2175 ante
641 2144 769 2175 ausus
801 2130 999 2189 persequi
1028 2130 1251 2184 barbaros,
1276 2130 1496 2187 utrimque
1523 2129 1614 2188 jam
1646 2130 1787 2175 victor

403 2192 569 2237 instare
588 2192 855 2252 fugientibus
876 2193 1036 2253 coepit.
1101 2193 1239 2239 Haud
1271 2193 1456 2253 amplius
1477 2206 1627 2252 regem
1658 2206 1788 2251 quam

405 2255 526 2300 mille
563 2258 730 2315 equites
763 2258 1067 2316 sequebantur,
1092 2272 1191 2302 cum
1213 2256 1370 2315 ingens
1388 2256 1622 2302 multitudo
1652 2256 1789 2302 hosti·

406 2334 480 2363 um
502 2320 691 2367 caderet.
760 2321 847 2366 Sed
862 2321 957 2379 quis
990 2327 1066 2366 aut
1084 2321 1131 2366 in
1153 2321 1336 2366 victoria
1353 2326 1429 2367 aut
1450 2321 1499 2365 in
1516 2319 1622 2379 fuga
1643 2320 1787 2379 copias

409 2385 645 2431 numerat?
676 2384 939 2444 Agebantur
956 2399 1062 2443 ergo
1079 2400 1105 2429 a
1125 2391 1218 2431 tam
1235 2385 1382 2444 paucis
1397 2399 1607 2444 pecorum
1626 2384 1759 2428 modo
1777 2401 1787 2435 ;

408 2453 454 2493 et
469 2447 587 2492 idem
611 2454 766 2504 metus,
791 2449 864 2508 qui
885 2449 1072 2508 cogebat
1092 2448 1258 2507 fugere,
1282 2448 1503 2507 fugientes
1526 2448 1790 2494 morabatur.

473 2511 689 2559 XXVIII.
725 2514 790 2559 At
814 2513 987 2568 Graeci,
1012 2511 1086 2569 qui
1107 2512 1153 2556 in
1188 2512 1316 2558 Darii
1347 2513 1547 2572 partibus
1564 2516 1790 2565 steterant,

410 2575 609 2635 Amynta
630 2576 754 2632 duce,
781 2576 975 2638 (praetor
996 2576 1067 2620 hic
1099 2576 1343 2621 Alexandri
1368 2575 1466 2632 fuit,
1499 2590 1617 2621 nunc
1647 2582 1792 2622 trans-

407 2637 535 2698 fuga)
569 2640 743 2701 abrupti
786 2657 812 2687 a
843 2640 1012 2695 ceteris,
1046 2639 1166 2684 haud
1197 2655 1301 2686 sane
1332 2640 1600 2699 fugientibus
1632 2639 1792 2685 similes

407 2710 646 2750 evaserant.
713 2705 895 2751 Barbari
916 2705 1048 2763 longe
1064 2703 1280 2763 diversam
1301 2704 1453 2763 fugam
1474 2704 1787 2750 intenderunt:

408 2767 496 2822 alii,
529 2782 614 2826 qua
633 2774 798 2815 rectum
829 2769 913 2815 iter
934 2767 981 2812 in
1005 2767 1228 2813 Persidem
1250 2768 1465 2823 ducebat3
1500 2767 1676 2826 quidam
1708 2767 1789 2812 cir-

408 2831 578 2878 cumitu
628 2847 758 2893 rupes
811 2833 1029 2890 saltusque
1072 2832 1286 2877 montium
1329 2832 1521 2879 occultos
1563 2831 1788 2892 petivnre;

410 2895 537 2954 pauci
568 2903 709 2943 castra
730 2897 870 2943 Darii.
937 2895 1026 2942 Sed
1049 2894 1143 2954 jam
1175 2895 1252 2941 illa
1283 2910 1453 2956 quoque
1484 2895 1622 2942 hostis
1652 2895 1792 2941 victor

409 2959 659 3019 intraverat,
693 2962 815 3008 omni
856 2959 1031 3019 quidem
1063 2960 1284 3021 opulentia
1314 2960 1439 3007 ditia.
1504 2957 1665 3020 Ingens
1698 2959 1791 3004 auri
