2208 3424
33 634 169 679 aciem

7 696 20 742 i
42 695 168 742 Darii

0 759 169 807 astitue-

0 824 167 868 aedium

0 888 64 932 ius
86 887 168 931 du-

8 986 17 996 .
84 950 171 995 Sed

8 1015 173 1074 praelio

2 1092 22 1121 r
53 1091 173 1136 spem

0 1147 103 1195 iant,
127 1150 172 1185 et

11 1203 172 1263 quippe

3 1267 165 1321 diebat,

3 1347 23 1375 s
44 1337 139 1376 erat
158 1347 167 1381 ;

15 1394 165 1439 vertit.

0 1464 165 1503 iectuni

8 1536 72 1576 ur,
91 1521 167 1565 ab·

4 1595 95 1637 ant,
111 1584 167 1628 ad

0 1665 27 1693 ι.
75 1647 165 1691 Ex-

0 1727 40 1756 ,ιε
71 1711 171 1769 equi

0 1790 55 1819 ‚ec
77 1774 168 1819 sola

0 1901 42 1946 »d
65 1901 173 1946 Par-

3 1965 181 2010 fortuna

0 2045 26 2073 n
58 2028 177 2072 omni

0 2092 178 2136 lacedo-

0 2156 180 2200 circum--

0 2234 24 2264 e
48 2218 178 2277 jubet

10 2288 181 2328 mature

0 2361 62 2391 im
84 2346 181 2390 viae

0 2424 112 2468 {uum
156 2426 180 2454 a

0 2489 38 2519 as
54 2473 180 2532 jussi,

0 2537 181 2582 Alexan-

15 2600 182 2645 felicius

0 2665 182 2723 superati

0 2729 181 2772 validior

0 2793 184 2851 iguidius

0 2865 187 2915 isponte

0 2934 85 2964 nne
117 2930 183 2963 est

0 2979 189 3041 Ecquid]

981 359 1172 406 LIBER
1206 358 1529 416 QUARTUS.
1812 374 1813 377 ’
1890 361 1953 412 73

564 491 711 548 inquit,
745 493 757 516 ‘
782 487 930 533 videtis
952 488 1066 545 istos,
1090 489 1162 549 qui
1184 489 1375 535 ferociter
1397 487 1525 534 modo
1547 487 1776 544 instabant,
1797 488 1951 548 pedem

561 551 728 607 referre,
749 552 887 598 subito
918 566 1077 612 pavore
1098 553 1332 613 perterritos
1353 554 1383 598 ΐ
1438 551 1658 599 Nimirum
1690 550 1814 597 nobis
1846 567 1953 613 quo-

560 629 642 675 que
686 616 792 675 regis
831 616 957 660 nostri
991 616 1158 662 fortuna
1199 618 1338 674 vicit3
1368 616 1516 662 omnia
1558 614 1787 662 Persarum
1819 617 1953 664 caede

557 686 685 725 strata
716 687 831 725 sunt.
898 678 1012 734 Quid
1057 681 1233 725 cessatis
1255 680 1279 726 P
1311 695 1368 725 an
1401 693 1456 725 ne
1488 677 1747 739 fugientibus
1778 679 1954 738 quidem

560 756 682 801 pares
701 743 802 789 estis
820 741 853 788 'l’
917 739 1032 790 Vera
1063 743 1205 790 dicere
1237 742 1474 798 videbatur,
1504 751 1548 789 et
1578 756 1677 803 spes
1706 743 1954 802 languentes

562 820 736 867 quoque
756 815 976 852 erexerat:
1007 806 1186 853 subditis
1206 806 1446 854 calcaribus
1465 819 1669 865 proruere
1689 805 1731 850 in
1754 805 1946 862 hostem3

561 878 604 914 et
625 870 682 918 illi
701 869 795 927 jam
817 884 906 915 non
928 872 1106 926 sensim,
1128 869 1203 916 sed
1224 872 1353 916 citato
1383 868 1514 929 gradu
1546 868 1836 929 recedebant;
1866 885 1950 917 nec

556 931 789 992 quidquam
804 932 945 993 fugae,
962 936 1039 980 nisi
1062 933 1176 994 quod
1198 942 1314 994 terga
1328 933 1521 978 nondum
1542 939 1768 990 verterant,
1789 932 1950 981 deerat.

557 995 789 1042 Parmenio
820 1003 966 1043 tamen
998 1001 1183 1057 ignarus,
1215 1011 1432 1058 quaenam
1466 998 1508 1041 in
1528 995 1680 1044 dextro
1709 1010 1845 1043 cornu
1865 996 1949 1043 sor-

558 1071 659 1106 tuna
692 1061 799 1119 regis
829 1070 955 1117 esset,
996 1061 1192 1123 repressit
1227 1076 1363 1117 suos3
1407 1059 1638 1116 Mazaeus,
1678 1058 1780 1105 dato
1821 1060 1946 1120 fugae

556 1124 710 1185 spatio,
731 1138 817 1168 non
840 1132 955 1170 recto
988 1127 1150 1181 itinere,
1185 1124 1260 1169 sed
1293 1122 1457 1183 majore
1487 1131 1532 1168 et
1552 1124 1609 1169 ob
1629 1121 1672 1168 id
1692 1124 1843 1170 tutiore
1863 1126 1943 1171 cir·

552 1188 716 1234 cumitu
739 1187 884 1247 Tigrin
916 1199 1105 1248 superat,
1135 1195 1177 1232 et
1213 1187 1438 1247 Babylona
1461 1200 1563 1231 cum
1583 1185 1768 1245 reliquiis
1788 1186 1945 1234 devicti·

550 1251 766 1296 exercitus
784 1252 925 1296 intrat.

610 1311 734 1360 LXI.
768 1312 926 1361 Darius
951 1316 1103 1374 paucis
1134 1315 1257 1373 fugae
1288 1313 1518 1359 comitibus
1552 1312 1610 1358 ad
1642 1312 1813 1373 Lycum
1847 1329 1938 1361 arn-

548 1391 650 1423 nem
703 1378 994 1434 contenderat,
1045 1392 1132 1436 quo
1172 1377 1366 1437 trajecto,
1409 1376 1618 1422 dubitavit
1658 1392 1715 1422 an
1758 1379 1939 1425 solveret

548 1448 737 1499 pontem,
782 1442 940 1502 quippe
977 1440 1146 1500 hostem
1182 1440 1275 1500 jam
1308 1439 1455 1485 adfore
1487 1440 1788 1486 nunciabatur.
1853 1441 1939 1488 Sed

545 1512 605 1548 tot
627 1505 759 1550 millia
789 1520 982 1561 suorum,
1004 1519 1117 1565 quae
1139 1504 1328 1550 nondum
1353 1502 1410 1549 ad
1442 1517 1619 1549 amnem
1642 1516 1936 1562 pervenerant,

547 1575 675 1625 ponte
709 1570 857 1624 reciso,
881 1569 1084 1628 praedam
1117 1568 1248 1614 hostis
1278 1566 1367 1613 sore
1400 1566 1588 1612 videbat.
1674 1567 1939 1625 Abeuntem‚

545 1645 678 1688 quum
723 1633 930 1676 intactum
962 1633 1116 1677 sineret
1156 1638 1347 1692 pontem,
1384 1631 1541 1677 dixisse
1584 1637 1767 1686 constat,
1802 1630 1937 1677 Malle

544 1695 866 1752 insequentibus
897 1696 974 1740 iter
1005 1695 1123 1752 dare,
1143 1709 1274 1754 quam
1306 1694 1472 1741 auferre
1495 1694 1769 1753 fugientibus.
1835 1695 1933 1755 Ipse

546 1758 695 1816 ingens
713 1760 901 1818 spatium
931 1758 1030 1818 suga
1066 1773 1283 1810 emensum,
1317 1758 1461 1804 media
1492 1757 1580 1803 sere
1613 1766 1738 1803 nocte
1770 1758 1936 1804 Arbela

549 1823 753 1878 pervenit.
821 1821 935 1878 Quis
956 1830 1017 1867 tot
1048 1822 1226 1867 ludibria
1259 1821 1467 1878 fortunae,
1498 1821 1662 1866 ducum
1694 1823 1934 1880 agminum-

544 1898 624 1941 que
645 1885 827 1930 caedem
862 1887 1158 1944 multiplicem,
1180 1886 1446 1931 devictorum
1468 1885 1629 1945 sugam,
1651 1885 1795 1930 clades
1816 1899 1933 1930 nunc

544 1947 817 2006 singulorum,
840 1964 958 1994 nunc
992 1950 1301 2006 universorum,
1334 1956 1410 1994 aut
1428 1950 1573 1994 animo
1590 1952 1755 2008 assequi
1791 1960 1932 2008 queat,

545 2020 617 2055 aut
658 2013 846 2057 oratione
885 2013 1157 2073 complecti?
1241 2012 1556 2073 Propemodum
1601 2013 1734 2057 seculi
1780 2028 1846 2058 res
1886 2013 1930 2057 in

546 2089 678 2121 unum
702 2077 821 2121 illum
852 2076 967 2122 diem
999 2076 1166 2121 fortuna
1197 2078 1446 2123 cumulavit.
1512 2076 1620 2131 Alii,
1653 2090 1740 2135 qua
1772 2077 1931 2121 brevis-

544 2138 700 2185 simum
733 2140 907 2200 patebat
946 2141 1033 2196 iter,
1072 2141 1143 2185 alii
1185 2139 1373 2186 diversos
1406 2141 1555 2195 saltus,¹
1584 2147 1628 2184 et
1670 2140 1833 2199 ignotos
1863 2155 1928 2185 se-

542 2204 769 2259 quentibus
789 2203 918 2248 calles
952 2204 1165 2263 petebant.
1229 2204 1377 2264 Eques
1409 2203 1626 2263 pedesque
1647 2202 1814 2249 confusi
1835 2204 1926 2250 sine

541 2265 666 2322 duce,
708 2269 883 2312 armatis
924 2271 1123 2323 inermes,
1164 2268 1332 2327 integris
1373 2267 1534 2313 debiles
1584 2266 1924 2327 implicabantur.

542 2327 722 2387 Deinde,
772 2331 1058 2376 misericordia
1103 2332 1148 2375 in
1196 2339 1358 2378 metum
1408 2346 1544 2386 versa,
1578 2332 1650 2389 qui
1686 2331 1805 2390 sequi
1837 2346 1923 2376 non

539 2400 746 2451 poterant,
763 2395 871 2439 inter
892 2396 1260 2453 mutuos'gemitus
1281 2396 1601 2441 deserebantur.
1644 2394 1742 2440 Sitis
1762 2396 1927 2454 praeci-

537 2471 621 2514 pue
638 2457 830 2516 satigatos
843 2465 886 2502 et
907 2461 1076 2504 saucios
1094 2460 1332 2518 perurebat,
1348 2459 1592 2519 passimque
1605 2458 1805 2503 omnibus
1822 2459 1923 2504 rivis

539 2529 848 2579 prostraverant
878 2537 1070 2583 corpora,
1109 2523 1477 2582 praeterfluentem
1498 2536 1661 2581 aquam
1679 2520 1814 2566 hianti
1848 2536 1920 2567 ore

535 2592 783 2643 captantes:
815 2601 946 2645 quam
968 2602 1101 2645 quum
1125 2586 1237 2631 avidi
1260 2586 1472 2632 turbidam
1493 2585 1751 2642 hausissent,
1775 2585 1923 2630 tende—

537 2649 686 2694 bantur
700 2651 921 2710 extemplo
936 2650 1184 2710 praecordia
1199 2658 1421 2710 premente
1437 2650 1540 2696 limo
1554 2666 1567 2708 3
1589 2649 1863 2708 resolutisque
1879 2658 1923 2694 et

534 2714 793 2773 torpentibus
833 2715 1051 2770 membris,
1092 2728 1227 2773 quum
1269 2716 1586 2774 supervenisset
1618 2713 1764 2768 hostie,
1798 2714 1919 2758 novis

535 2778 779 2822 vulneribus
790 2779 1100 2823 excitabantur·
1129 2776 1335 2835 Quidam,
1346 2779 1571 2838 occupatis
1583 2777 1792 2838 proximis
1809 2777 1923 2833 rivis,

533 2839 787 2886 diverterant
819 2843 994 2901 longius,
1016 2850 1063 2888 ut
1092 2842 1293 2902 quidquid
1327 2843 1481 2888 occulti
1514 2841 1703 2888 humoris
1736 2856 1917 2901 usquam

534 2913 739 2961 manaret,
759 2907 1010 2966 exciperent
1032 2921 1042 2951 :
1076 2921 1159 2951 nec
1192 2907 1277 2952 ulla
1298 2906 1408 2951 adeo
1430 2907 1528 2951 avia
1549 2914 1592 2950 et
1614 2906 1731 2950 sicca
1763 2906 1918 2950 lacuna

531 2976 631 3024 erat,
665 2983 778 3027 quae
811 2971 1102 3030 vestigantium
1137 2970 1248 3015 sitim
1281 2970 1458 3015 falleret.
1523 2968 1564 3015 E
1588 2969 1796 3030 proximis
1815 2982 1917 3013 vero

532 3031 662 3077 itineri
686 3034 791 3078 vicis
812 3048 966 3080 senum
989 3034 1173 3080 ululatus
1197 3033 1536 3094 feminarumque
1557 3032 1913 3087 exaudiebantur,

531 3094 706 3141 barbaro
730 3098 806 3143 ritu
831 3096 1010 3145 Darium
1035 3098 1178 3144 adbuc
1200 3113 1339 3157 regem
1366 3099 1661 3145 clamantium.

1196 3179 1236 3223 s}
