2208 3424
19 445 186 494 Rhodii

12 508 184 557 deside-

0 572 34 617 ·b
54 588 180 633 egre·

18 636 181 683 bellum

0 714 81 746 iem
97 702 179 747 fin-

0 779 35 820 s,
58 765 133 825 qui
154 781 181 812 a

0 827 179 876 liserant

0 891 180 938 hoterus

10 956 179 1002 missus

0 1018 176 1079 leraque

0 1081 179 1129 ›iraticis

0 1146 177 1191 aedoni-

0 1223 173 1269 compo·-

0 1277 64 1318 1ta
95 1288 171 1333 pa-

0 1336 171 1384 ›hraten

0 1464 163 1510 yertisse

0 1532 175 1573 trumne

0 1590 71 1650 gni
102 1592 170 1637 sui

0 1653 171 1701 futurus

40 1732 172 1778 aegre

6 1782 170 1828 uctori-

16 1845 166 1905 copiis,

3 1924 14 1954 :
48 1908 168 1954 haud

11 1971 164 2031 inqua-

49 2035 162 2082 Bac-

22 2105 163 2145 ctera-

32 2162 159 2209 Cete-

34 2239 163 2284 quam

12 2304 38 2335 a
59 2304 164 2336 cura

34 2360 161 2401 erant

29 2423 159 2464 antea

9 2479 157 2527 ieban-

24 2543 159 2591 ributi

9 2621 64 2653 ue
109 2614 160 2655 ut

985 317 1180 365 LIBER
1215 318 1533 375 QUARTUS.
1883 323 1943 372 53

574 451 684 497 aliae
713 449 761 494 in
793 451 955 495 terram
996 446 1223 502 demissae,
1271 446 1487 509 quidquid
1518 446 1695 494 obvium
1724 447 1955 498 concitatis

573 513 694 573 equis
725 511 891 566 fuisset,
914 514 1232 571 amputaturae.

630 575 822 622 XXXV.
856 573 959 620 Hoc
978 574 1110 621 modo
1141 573 1356 621 instructo
1378 573 1572 623 exercitu
1594 589 1645 622 ac
1676 582 1939 635 perarmato,

574 639 803 700 Babylone
823 637 969 698 copias
990 637 1144 684 movit.
1207 637 1249 682 A
1270 642 1395 698 parte
1416 637 1573 685 dextra
1588 643 1682 686 erat
1697 638 1855 700 Tigris,
1870 657 1947 688 no·

572 704 669 749 bilis
688 701 1077 756 fluvius31aevam
1099 701 1279 759 tegebat
1301 700 1577 761 Euphrates:
1612 717 1769 762 agmen
1800 704 1944 752 Meso-

570 766 789 827 potamiae
828 779 1003 825 campos
1039 764 1309 824 impleverat.
1375 764 1501 824 Tigri
1531 764 1693 812 deinde
1722 774 1938 828 superate,

566 845 699 889 quum
721 828 932 883 audisset,
955 828 1075 875 haud
1105 827 1260 888 procul
1280 827 1431 874 abesse
1461 827 1646 884 hostem,
1671 828 1944 890 Satropatem

566 894 764 952 equitum
816 891 1086 953 praefectum
1140 905 1241 936 cum
1302 889 1423 936 mille
1475 890 1655 939 delectis
1704 894 1944 953 praemisit.

577 957 756 1003 Mazaeo
776 955 968 1016 praetori
990 970 1067 1001 sex
1087 953 1224 1000 millia
1244 953 1360 1009 data,
1385 953 1542 1012 quibus
1562 955 1732 1003 hostem
1756 958 1942 1005 transitu

566 1020 707 1066 amnis
738 1024 933 1066 arceret:
966 1017 1108 1064 eidem
1139 1017 1407 1071 mandatum,
1452 1024 1501 1064 ut
1541 1019 1777 1078 regionem,
1812 1036 1941 1081 quam

571 1082 826 1129 Alexander
865 1087 979 1128 esset
1016 1081 1228 1135 aditurus,
1273 1081 1554 1140 popularetur
1595 1088 1727 1141 atque
1761 1090 1943 1140 ureret3

565 1146 726 1207 quippe
747 1146 952 1192 credebat
981 1144 1133 1205 inopia
1153 1143 1362 1190 debellari
1392 1159 1519 1204 posse
1548 1145 1658 1191 nihil
1688 1145 1938 1204 habentem,

572 1210 655 1255 nisi
675 1208 795 1270 quod
823 1207 1035 1268 rapiendo
1065 1215 1346 1267 occupasset:
1381 1207 1465 1267 ipsi
1496 1213 1643 1255 autem
1674 1217 1939 1258 commeatus

571 1272 643 1319 alii
675 1279 806 1327 terra,
850 1272 923 1317 alii
957 1270 1083 1331 Tigri
1119 1285 1247 1316 amne
1278 1270 1646 1320 subvehebantur.
1708 1272 1811 1319 Jam
1843 1289 1940 1335 per-

564 1343 743 1383 venerat
764 1335 821 1381 ad
851 1334 1017 1382 Arbela
1047 1334 1205 1389 vicum,
1238 1333 1429 1379 nobilem
1462 1348 1539 1381 sua
1558 1336 1683 1382 clade
1712 1335 1936 1385 facturus:

565 1399 634 1445 hic
656 1404 976 1446 commeatuum
1006 1398 1356 1455 sarcinarumque
1386 1397 1551 1458 majore
1581 1405 1707 1460 parte
1726 1400 1938 1461 deposita,

566 1463 737 1524 Lycum
758 1477 928 1509 amnem
959 1467 1094 1523 ponte
1117 1460 1283 1520 junxit,
1306 1466 1352 1507 et
1372 1476 1452 1521 per
1486 1462 1579 1508 dies
1599 1463 1802 1522 quinque,
1824 1464 1936 1511 sicut

565 1532 667 1574 ante
700 1526 973 1586 Euphraten,
1013 1524 1188 1584 trajecit
1220 1524 1472 1571 exercitum.
1558 1525 1670 1572 Inde
1710 1528 1935 1587 octoginta

564 1590 652 1636 fere
699 1589 842 1637 stadia
873 1603 1142 1649 progressus,
1181 1587 1237 1633 ad
1285 1587 1472 1635 alterum
1506 1602 1692 1646 amnem,
1737 1589 1936 1637 Bumado

563 1668 722 1699 nomen
742 1658 823 1708 est,
845 1660 989 1699 castra
1008 1652 1169 1711 posuit.
1225 1649 1488 1712 Opportuna
1508 1652 1777 1713 explicandis
1798 1654 1932 1715 copiis

565 1717 686 1777 regio
718 1721 834 1771 erat,¹
849 1715 1097 1774 equitabilis
1117 1721 1165 1762 et
1178 1720 1304 1761 vasta
1321 1714 1550 1775 planities:
1585 1731 1643 1762 ne
1662 1716 1818 1777 stirpes
1840 1718 1935 1778 qui·

563 1781 662 1826 dem
684 1787 730 1826 et
761 1780 909 1826 brevia
941 1779 1133 1838 virgulta
1154 1778 1356 1839 operiunt
1386 1778 1561 1826 solum·
1596 1780 1791 1840 liberque
1813 1796 1935 1840 pros-

562 1850 712 1903 pectus
734 1843 958 1890 oculorum
989 1849 1035 1889 et
1056 1842 1113 1888 ad
1135 1857 1186 1888 ea
1207 1856 1317 1901 quae
1348 1842 1501 1901 procul
1521 1858 1735 1891 recessere
1755 1845 1933 1905 permit-

566 1908 708 1954 titur.
750 1907 899 1966 itaque
936 1906 971 1951 si
1004 1920 1088 1965 qua
1118 1905 1261 1964 campi
1291 1904 1557 1962 eminebant,
1581 1906 1714 1966 jussit
1745 1908 1932 1966 aequari,

566 1977 794 2028 totumque
812 1969 1034 2027 fastigium
1055 1968 1254 2014 extendi.

626 2032 841 2079 XXXVI.
875 2032 1143 2086 Alexandro,
1189 2031 1263 2089 qui
1304 2046 1534 2078 numerum
1566 2033 1790 2093 copiarum
1823 2035 1930 2096 ejus,

562 2103 776 2157 quantum
814 2094 1008 2157 [procul]
1034 2094 1269 2154 conjectari
1291 2101 1507 2155 poterant,
1531 2097 1836 2156 aestimabant,
1862 2100 1937 2145 vix

563 2161 761 2206 fecerunt
781 2159 927 2215 fidem,
959 2165 1028 2205 tot
1061 2158 1251 2203 millibus
1270 2159 1419 2214 caesis,
1453 2159 1636 2218 majores
1667 2161 1812 2221 copias
1845 2178 1936 2209 esse

563 2229 801 2283 reparatas.
865 2222 1073 2269 Ceterum
1096 2221 1239 2267 omnis
1260 2222 1454 2282 periculi,
1488 2232 1534 2269 et
1566 2224 1754 2270 maxime
1786 2226 1934 2277 multi-

562 2287 725 2333 tudinis
747 2290 1035 2346 contemptor,
1070 2285 1311 2331 undecimis
1342 2286 1496 2332 castris
1527 2287 1725 2346 pervenit
1755 2288 1809 2335 ad
1846 2289 1936 2334 Eu-

566 2351 779 2409 phraten:
814 2363 902 2409 quo
924 2350 1133 2409 pontibus
1145 2348 1316 2408 juncte,
1340 2350 1508 2408 equites
1530 2350 1692 2409 primos
1722 2351 1800 2406 ire,
1824 2352 1931 2412 pha-

566 2415 736 2473 langem
752 2412 869 2471 sequi
884 2412 1043 2473 jubet;
1077 2413 1272 2467 Mazaeo,
1295 2414 1367 2471 qui
1388 2413 1447 2459 ad
1467 2412 1752 2459 inhibendum
1770 2417 1929 2462 transi-

565 2486 657 2523 tum
691 2478 799 2537 ejus,
831 2490 930 2523 cum
973 2491 1050 2522 sex
1081 2475 1271 2521 millibus
1312 2476 1509 2536 equitum
1539 2484 1800 2535 occurrerat,
1844 2494 1934 2525 non

566 2557 668 2587 auso
711 2540 950 2601 porioulum
994 2539 1060 2585 sui
1102 2540 1257 2586 facere.
1314 2538 1467 2586 Paucis
1517 2540 1690 2596 deinde,
1740 2557 1830 2588 non
1879 2544 1932 2588 ad

562 2606 766 2663 quietem,
799 2604 876 2649 sed
896 2603 954 2649 ad
973 2602 1238 2663 reparandos
1259 2603 1440 2659 animos,
1465 2603 1617 2650 diebus
1646 2604 1761 2651 datis
1792 2606 1937 2663 militi,

564 2678 738 2716 strenue
770 2667 937 2715 hostem
970 2666 1138 2726 insequi
1181 2666 1358 2726 coepit;
1390 2673 1591 2714 metuens
1630 2682 1687 2713 ne
1728 2669 1935 2716 interiora

566 2732 687 2791 regni
708 2731 775 2777 sui
796 2736 977 2791 peteret,
1000 2729 1335 2791 sequendusque
1365 2737 1479 2777 esset
1499 2746 1576 2791 per
1595 2731 1691 2777 loca
1712 2733 1832 2778 omni
1865 2749 1932 2779 so-

564 2796 751 2842 litudine
782 2800 914 2855 atque
934 2795 1082 2854 inopia
1102 2798 1241 2839 vasta.
1307 2793 1450 2853 Igitur
1482 2801 1637 2854 quarto
1670 2795 1742 2842 die
1763 2803 1935 2856 praeter

565 2859 728 2905 Arbela
759 2864 959 2919 penetrat
980 2857 1037 2903 ad
1070 2856 1255 2916 Tigrim.
1320 2857 1437 2904 Tota
1469 2858 1589 2918 regio
1620 2858 1732 2905 ultra
1761 2875 1931 2907 amnem

563 2923 723 2969 recenti
757 2923 952 2968 fumabat
992 2919 1225 2967 incendio:
1259 2921 1418 2982 quippe
1460 2922 1674 2979 Mazaeus,
1697 2938 1930 2983 quaecum-

562 3002 644 3047 que
664 2986 844 3043 adierat,
862 2985 980 3032 haud
1001 3000 1123 3032 secus
1144 2998 1274 3045 quam
1296 2984 1431 3032 hostis
1454 2986 1619 3033 urebat.
1685 2987 1751 3033 Ac
1771 2987 1936 3047 primo,

1190 3056 1282 3111 E2.
