2208 3424
20 493 168 526 move·-

30 542 167 589 andri

7 606 165 652 lusium

9 684 38 714 u
60 670 167 716 Nilo

24 748 159 788 ersae,

10 798 163 856 procul

0 875 19 904 ι·
34 859 163 906 Darii

22 923 157 969 Alex-

0 986 44 1032 lt.
109 989 155 1033 A

6 1051 150 1110 egypti

6 1114 151 1172 patrio

0 1177 150 1223 1monis

5 1304 144 1349 olera⁴

2 1382 140 1426 penu-

0 1430 51 1474 lis
68 1446 137 1476 ac⁶

0 1501 140 1540 aestus

0 1572 64 1602 πθ
96 1566 142 1604 et

18 1623 134 1679 quod

0 1685 135 1730 Jedes.

0 1762 36 1793 1s
58 1763 134 1793 eu·-

0 1812 130 1858 >neris

0 1875 130 1919 trede-

0 1952 127 1983 ucere

0 2002 126 2046 sotim

0 2078 126 2121 icem,

5 421 173 464 encrat.

969 328 1164 375 LIBER
1199 325 1518 386 QUARTUS.
1547 289 1551 295 ¹
1874 331 1934 377 49

557 456 685 503 'brem
706 462 989 504 excusserunt
1003 457 1233 517 procellae,
1251 472 1333 518 pro
1354 471 1402 504 se
1413 458 1594 518 quisque
1604 457 1806 518 excipere
1818 470 1933 512 eum,

559 519 741 581 quidam
757 520 821 566 >ob
842 519 958 567 sitim
980 520 1243 580 impotentes
1263 521 1346 577 sui,
1379 535 1454 567 ore
1474 535 1648 582 quoque
1667 520 1810 568 hianti
1831 535 1932 581 cap-

562 593 660 630 tare
680 588 932 644 coeperunt.
998 583 1296 639 Quatriduum
1316 599 1396 645 per
1416 591 1561 632 vastas
1582 584 1838 631 solitudines
1860 586 1930 630 ab·

568 662 662 693 sum
695 653 791 693 tum
822 652 900 693 est.

627 662 798 756 XIXIX.
829 709 1016 771 Jamque
1057 709 1176 758 haud
1205 711 1361 772 procul
1390 712 1555 758 oraculi
1586 711 1689 758 sede
1720 712 1903 758 aberant
1926 727 1937 764 ;

562 786 697 832 quum
712 773 954 834 complures
975 775 1094 820 corvi
1124 775 1289 835 agmini
1311 780 1562 830 occurrunt,
1594 775 1768 821 modico
1788 775 1936 822 volatu

561 837 703 897 prima
738 837 865 897 signa
903 839 1239 892 antecedentem
1271 844 1318 884 et
1348 839 1481 884 modo
1512 835 1635 884 humi
1670 838 1936 893 residebant,

562 916 699 960 quum
718 900 879 948 lentius
894 916 1053 962 agmen
1066 902 1304 957 incederet,
1327 901 1460 948 modo
1481 917 1528 948 se
1546 902 1701 962 pennis
1717 901 1934 956 levabant,

562 964 914 1012 antecedentium
936 966 1106 1024 iterque
1127 966 1466 1012 monstrantium
1487 966 1590 1012 ritu.
1658 965 1857 1011 Tandem
1879 967 1935 1011 ad

560 1029 710 1074 sedem
740 1034 1032 1076 consecratam
1065 1029 1150 1074 deo
1171 1035 1351 1075 ventum
1372 1036 1453 1076 est.
1517 1029 1780 1075 Incredibile
1800 1029 1936 1084 dictu,

558 1093 675 1138 inter
696 1097 840 1138 vastas
854 1092 1112 1139 solitudines
1134 1092 1232 1147 sita,
1255 1092 1451 1151 undique
1471 1092 1765 1138 ambientibus
1786 1094 1934 1150 ramis,

558 1155 633 1200 vix
651 1154 701 1200 in
720 1155 899 1201 densam
920 1156 1122 1201 umbram
1143 1156 1329 1202 cadente
1349 1155 1453 1211 sole,
1476 1161 1679 1202 contecta
1700 1161 1768 1202 est
1785 1171 1796 1210 ;
1819 1157 1933 1202 mul-

556 1219 681 1276 tique
709 1215 853 1265 fontes
890 1218 1089 1265 dulcibus
1132 1219 1256 1277 aquis
1294 1219 1453 1279 passim
1486 1219 1769 1266 manantibus
1807 1219 1933 1267 alunt

559 1283 720 1342 sylv-as.
805 1282 928 1327 Coeli
968 1295 1143 1342 quoque
1184 1283 1294 1328 mira
1329 1282 1574 1342 temperies,
1618 1296 1755 1328 verno
1791 1285 1932 1343 tepori

557 1346 746 1391 maxime
766 1345 929 1401 similis,
963 1359 1115 1391 omnes
1137 1347 1243 1391 anni
1262 1351 1410 1406 partes
1430 1346 1524 1406 pari
1555 1346 1814 1393 salubritate
1833 1361 1932 1406 per-

555 1410 707 1456 currit.
771 1409 963 1457 Accolae
993 1409 1109 1455 sedis
1141 1415 1243 1456 sunt
1262 1410 1318 1454 ab
1341 1409 1508 1455 oriente
1539 1409 1727 1469 proximi
1747 1409 1931 1456 Aethio-

555 1487 660 1532 pum
682 1489 692 1518 :
726 1472 773 1517 in
794 1473 1021 1519 meridiem
1043 1488 1194 1519 versus
1215 1473 1384 1519 Arabes
1400 1479 1612 1533 spectant,
1638 1471 1935 1535 (Troylodyiis

551 1550 802 1596 ¹cognomen
822 1535 923 1599 est,)
956 1550 1143 1595 quorum
1175 1537 1298 1596 regio
1319 1550 1456 1594 usque
1486 1536 1543 1581 ad
1567 1537 1770 1582 Rubrum
1805 1536 1930 1583 Mare

548 1600 774 1647 excurrit:
811 1606 870 1656 at,
898 1614 985 1659 qua
1014 1600 1159 1660 vergit
1190 1601 1247 1646 ad
1277 1600 1563 1654 occidentem,
1586 1600 1659 1645 alii
1690 1599 1930 1660 Aethiopes

552 1663 707 1710 colunt
726 1677 835 1721 quos
854 1663 1048 1711 Scenitas
1067 1670 1260 1711 vocant.
1293 1678 1321 1709 a
1342 1663 1638 1723 septentrione
1658 1663 1929 1710 Nasamones

546 1734 670 1780 sunt,
687 1741 797 1787 gens
814 1727 986 1788 Syrtica
1006 1728 1281 1788 navigiorum
1302 1727 1451 1787 spoliis
1471 1733 1746 1799 quaestuosa,
1769 1728 1927 1787 quippe

554 1774 759 1837 obsident
779 1790 921 1847 litora,
945 1796 992 1838 et
1005 1798 1129 1838 aestu
1149 1791 1362 1839 destituta
1382 1790 1557 1850 navigia
1577 1780 1692 1837 notis
1708 1791 1791 1836 sibi
1807 1792 1929 1837 vadis

545 1859 783 1914 occupant.
849 1853 1023 1901 Incolae
1053 1855 1256 1911 nemoris,
1289 1869 1401 1914 quos
1431 1854 1712 1901 Hammonios
1753 1863 1925 1910 vocant,

550 1917 755 1977 dispersis
776 1918 957 1976 tuguriis
978 1918 1216 1965 habitant.
1248 1917 1441 1963 medium
1461 1931 1615 1963 nemus
1634 1933 1716 1978 pro
1732 1932 1829 1964 arce
1850 1919 1927 1964 ha-

553 1981 675 2034 bent,
697 1982 860 2042 triplici
879 1996 1006 2027 muro
1021 1982 1354 2028 circumdatum.

616 2044 763 2105 XXX.
800 2044 946 2092 Prima
978 2046 1167 2092 munitio
1206 2051 1496 2106 tyrannorum
1534 2051 1731 2092 veterum
1762 2045 1927 2105 regiam

551 2108 734 2155 clausit.
752 2109 801 2154 in
822 2109 1019 2169 proxima
1039 2108 1249 2169 conjuges
1270 2123 1422 2154 eorum
1443 2123 1543 2153 cum
1564 2109 1708 2155 liberis
1729 2114 1774 2155 et
1802 2110 1925 2168 pelli-

549 2171 673 2218 cibus
704 2173 932 2227 habitant3
964 2172 1035 2218 hic
1064 2187 1237 2232 quoque
1265 2172 1339 2217 dei
1370 2172 1593 2218 oraculum
1622 2181 1723 2220 est:
1774 2173 1926 2219 ultima

548 2236 821 2282 munimenta
841 2236 1073 2283 satellitum
1085 2237 1487 2295 armigerorumque
1507 2236 1631 2282 sedes
1652 2241 1792 2282 erant.
1843 2236 1923 2284 Est

538 2300 677 2346 etiam
698 2299 820 2345 aliud
840 2299 1101 2345 Hammonis
1122 2314 1275 2345 nemus
1297 2315 1309 2345 ι
1343 2299 1391 2344 in
1413 2299 1558 2344 medio
1588 2300 1721 2346 habet
1741 2300 1921 2356 fontem,

548 2378 707 2424 aquam
726 2363 829 2410 solis
849 2369 1035 2410 vocant:
1060 2364 1143 2410 sub
1164 2362 1273 2409 lucis
1294 2369 1441 2409 ortum
1460 2363 1609 2423 tepida
1627 2369 1777 2410 manat
1794 2379 1804 2417 3
1830 2378 1921 2409 me·

542 2428 623 2473 dio
644 2426 728 2482 die,
752 2442 887 2487 quum
918 2427 1323 2474 vehementissimus
1344 2432 1411 2472 est
1440 2427 1572 2482 calor,
1589 2427 1752 2486 frigida
1771 2427 1924 2473 eadem

546 2490 674 2544 fluit;
707 2490 917 2537 inclinato
937 2491 985 2536 in
1007 2505 1245 2551 vesperam,
1265 2489 1440 2536 calescit
1463 2505 1473 2535 :
1509 2490 1653 2536 media
1673 2496 1816 2546 nocte,
1839 2490 1924 2536 fer·-

548 2554 652 2600 vida
683 2560 942 2609 exaestuat3
976 2569 1150 2613 quoque
1170 2553 1350 2614 propius
1381 2568 1469 2599 nox
1500 2554 1643 2613 vergit
1674 2554 1733 2600 ad
1763 2554 1919 2610 lucen»,

547 2618 735 2665 multum
755 2632 812 2664 ex
833 2624 1050 2666 nocturno
1070 2619 1216 2664 calore
1235 2617 1475 2671 decrescit;
1510 2617 1650 2663 donec
1670 2618 1753 2664 sub
1773 2618 1917 2678 ipsum

545 2682 634 2727 diei
666 2686 809 2728 ortum
830 2688 1001 2728 assueto
1021 2689 1176 2742 tepore
1194 2682 1462 2741 languescat.
1529 2680 1582 2727 Id
1603 2681 1721 2741 quod
1742 2696 1821 2742 pro
1835 2682 1918 2727 deo

546 2745 717 2802 colitur,
738 2761 830 2792 non
850 2746 1047 2793 eamdem
1066 2745 1253 2805 effigiem
1274 2745 1421 2801 habet,
1440 2758 1575 2804 »quam
1597 2745 1730 2804 vulgo
1746 2745 1828 2790 diis
1849 2761 1918 2791 ar-

546 2808 684 2855 tifices
725 2810 1152 2857 accomodaverunt:
1187 2809 1394 2855 umbilico
1430 2809 1618 2855 maxime
1659 2808 1809 2854 similis
1851 2817 1916 2855 est

547 2871 735 2930 habitus,
779 2874 1009 2934 smaragdo
1044 2879 1091 2921 et
1130 2873 1314 2934 gemmis
1357 2878 1702 2937 coagmentatus.
1766 2871 1915 2928 Hunc,

547 2949 682 2995 quum
711 2952 966 2999 responsum
996 2937 1175 2998 petitur,
1198 2936 1375 2997 navigio
1403 2942 1556 2984 aurato
1576 2941 1746 2995 gestant
1775 2951 1914 2982 sacer—

546 2999 685 3058 dotes,
708 3002 857 3050 multis
877 3001 1096 3064 argenteis
1116 3002 1280 3063 pateris
1312 3001 1369 3048 ab
1389 3006 1576 3060 utroque
1596 3000 1761 3084 navigii
1781 3000 1916 3047 latere

1210 3080 1248 3126 E
