2192 3408
961 316 1155 365 LIBER
1192 315 1481 365 TERTIUS.
1849 317 1906 364 15

542 445 735 493 militum
752 442 810 491 im
814 444 970 507 posuit.
1036 444 1155 492 Vota
1174 444 1337 492 deinde
1355 461 1437 508 pro
1458 445 1599 493 saluto
1615 449 1817 505 suscepta
1831 458 1908 506 por

542 510 695 555 ludum
738 515 871 570 atque
908 508 1045 556 otium
1076 509 1278 565 reddens,
1318 509 1512 557 ostendit
1552 515 1717 570 quanta
1749 507 1910 554 fiducia

530 572 756 619 Barbaros
807 578 1044 634 sperneret.
1108 572 1369 634 Aesculapio
1419 578 1465 620 et
1511 572 1734 619 Minervae
1779 570 1908 617 ludos

537 635 788 684 celebravit.
855 635 1078 697 Spectanti
1109 636 1292 684 nuntius
1321 636 1463 683 laetus
1489 636 1668 683 affertur
1698 651 1752 682 ex
1782 634 1910 681 Hali·

541 712 757 755 carnasso,
791 698 943 745 Persas
974 701 1065 746 acie
1106 714 1132 745 a
1170 699 1260 746 suis
1290 714 1383 746 esse
1414 705 1640 760 superatos
1662 714 1673 744 :
1704 698 1912 760 Myndios

537 777 715 823 quoque
736 768 780 810 et
812 762 1002 810 Caunios
1032 769 1078 809 et
1109 763 1317 824 pleraque
1346 767 1513 809 tractus
1542 760 1636 823 ejus
1666 776 1769 808 suae
1796 762 1913 808 sacta

540 826 734 873 ditionis.
820 826 963 887 Igitur
998 827 1119 873 edito
1160 826 1406 886 spectaculo
1448 825 1633 878 ludicro,
1677 825 1914 885 castrisque

540 889 684 945 motis,
707 895 753 937 et
775 890 962 952 Pyramo
984 904 1111 936 amne
1131 894 1265 951 ponte
1289 888 1460 950 juncte,
1483 889 1540 935 ad
1571 889 1723 936 urbem
1747 888 1913 935 Mallon

539 953 773 1012 pervenit;
804 954 910 1000 inde
941 953 1088 1000 aiteris
1109 952 1261 999 castris
1294 952 1352 999 ad
1372 952 1582 1014 oppidum
1615 951 1912 999 Castabalum.

526 1014 609 1062 -lbi
641 1015 872 1063 Parmenio
903 1017 995 1076 regi
1027 1016 1230 1072 occurrit,
1265 1030 1394 1077 quem
1435 1016 1715 1077 praemiserat
1747 1015 1805 1061 ad
1836 1029 1911 1061 cx-

538 1080 799 1141 plorandum
819 1081 907 1128 iter
928 1080 1077 1133 saltus,
1097 1094 1173 1140 per
1194 1095 1324 1139 quem
1345 1079 1402 1125 ad
1423 1095 1432 1122 1
1471 1080 1575 1125 bem
1593 1079 1717 1125 Isson
1738 1078 1915 1125 nomine

539 1144 860 1203 penetrandum
881 1149 990 1190 erat.
1055 1144 1202 1204 Atque
1222 1143 1310 1198 ille,
1343 1142 1557 1203 angustiis
1576 1142 1672 1204 ejus
1693 1141 1915 1203 occupatis

539 1215 585 1253 et
621 1207 837 1267 praesidio
868 1206 1039 1252 modico
1070 1207 1236 1261 relicto,
1273 1206 1397 1252 Isson
1428 1221 1603 1267 quoque
1634 1206 1852 1252 desertam
1885 1220 1910 1250 a

542 1268 745 1316 Bar-baris
775 1276 963 1331 ceperat.
1028 1270 1140 1316 Inde
1170 1284 1438 1330 progressus,
1472 1269 1717 1317 deturbatis
1738 1268 1814 1329 qui
1843 1268 1913 1313 in-

539 1334 703 1379 teriora
722 1335 936 1381 montium
958 1334 1231 1388 obsidebant,
1255 1333 1481 1393 praesidiis
1503 1340 1662 1381 cuncta
1691 1331 1911 1378 firmavit:

538 1403 839 1458 occupatoque
859 1398 1030 1453 itinere,
1055 1398 1168 1444 sicut
1189 1397 1320 1457 paulo
1350 1403 1455 1444 ante
1486 1396 1654 1444 'dictum
1685 1402 1766 1452 est,
1798 1395 1915 1441 idem

540 1467 585 1509 et
607 1467 761 1507 auctor
782 1467 827 1508 et
847 1461 1033 1507 nuncius
1054 1461 1189 1507 venit.

606 1524 758 1570 XVlI.
792 1524 917 1571 Isson
946 1524 1050 1570 inde
1082 1539 1159 1569 rex
1192 1524 1338 1585 copias
1370 1524 1594 1572 admovit·
1626 1523 1705 1569 ubi
1734 1522 1917 1569 consilio

542 1586 709 1641 habito,
734 1593 941 1634 utrumne
961 1588 1078 1634 ultra
1099 1588 1471 1649 progrediendum
1501 1588 1628 1643 foret,
1663 1601 1720 1633 an
1750 1586 1813 1632 ibi
1843 1600 1922 1646 op-

541 1651 740 1709 periendi
761 1657 908 1699 essent
935 1651 1100 1697 milites
1117 1652 1232 1706 novi,
1257 1665 1367 1712 quos
1397 1666 1453 1698 ex
1476 1650 1735 1698 Macedonia
1756 1650 1919 1697 adven—

539 1723 637 1760 tare
656 1715 900 1771 constabat,
924 1714 1155 1761 Parmenio
1170 1730 1263 1760 non
1284 1715 1418 1762 alium
1436 1715 1580 1762 locum
1594 1714 1760 1777 prael-io
1781 1713 1920 1774 aptio-

543 1792 633 1824 rem
656 1793 751 1824 esse
782 1779 1019 1825 censebat:
1054 1779 1215 1839 quippe
1246 1779 1337 1825 illic
1367 1780 1595 1840 utriusque
1626 1779 1741 1837 regis
1772 1778 1919 1838 copias

544 1856 726 1887 numero
758 1842 926 1888 futuras
966 1857 1124 1902 pares;
1164 1857 1297 1902 quum
1332 1843 1561 1903 angustiae
1590 1840 1918 1888 multitudinem

543 1920 632 1950 non
663 1912 881 1965 caperent,
905 1906 1131 1965 planitiem
1151 1906 1256 1964 ipsis
1287 1920 1549 1966 camposque
1569 1921 1663 1952 esse
1693 1904 1914 1958 vitandos,

543 1968 621 2015 ubi
642 1968 873 2023 circumiri,
898 1969 972 2013 ubi
994 1969 1172 2028 ancipiti
1194 1968 1287 2014 acie
1308 1969 1494 2028 opprimi
1514 1973 1691 2029 possent
1713 1985 1723 2015 :
1747 1967 1920 2023 timere,

546 2047 602 2077 ne
623 2046 715 2077 non
735 2033 898 2078 virtute
919 2032 1109 2079 hostium
1131 2032 1207 2077 sed
1228 2032 1486 2078 lassitudine
1507 2048 1583 2078 sua
1604 2033 1885 2078 vincerentur
1909 2047 1918 2076 :

551 2094 708 2155 Persas
748 2102 949 2141 recentes
991 2095 1177 2141 subinde
1218 2110 1505 2150 successuros,
1544 2095 1581 2141 si
1622 2095 1763 2141 laxius
1806 2099 1922 2141 stare

548 2158 806 2217 potuissent,
890 2158 1034 2204 Facile
1065 2159 1177 2204 ratio
1207 2164 1300 2205 tam
1331 2160 1516 2204 salubris
1547 2158 1716 2204 consilii
1747 2163 1924 2219 accepta

547 2227 636 2275 est;
656 2221 805 2281 itaque
824 2222 941 2268 inter
956 2223 1177 2281 angustias
1200 2222 1522 2269 saltus'hostem
1545 2221 1735 2283 opperiri
1747 2222 1917 2268 statuit⁴

555 2285 656 2331 Erat
677 2285 725 2330 in
747 2287 940 2332 exercitu
962 2286 1078 2344 regis
1100 2285 1262 2331 Sisines
1285 2285 1439 2332 Perses
1462 2302 1473 2332 z
1508 2286 1729 2346 quondam
1750 2300 1777 2331 a
1797 2300 1922 2346 prae·

549 2359 646 2394 tore
679 2349 875 2409 Aegypti
906 2349 1059 2394 missus
1092 2349 1148 2394 ad
1181 2349 1448 2410 Philippum,
1486 2349 1699 2409 donisque
1729 2354 1775 2395 et
1806 2348 1926 2394 omni

550 2412 717 2457 honore
749 2413 905 2467 cultuS,
938 2413 1116 2458 exilium
1147 2413 1288 2472 patria
1309 2413 1412 2458 sede
1443 2419 1715 2459 mutaverat:
1749 2416 1927 2458 secutus

552 2476 713 2521 deinde
737 2477 781 2520 in
802 2476 953 2521 Asiam
985 2476 1182 2522 Alexand
1190 2491 1300 2532 rum,
1324 2476 1439 2522 inter
1459 2476 1610 2521 fideles
1632 2476 1770 2522 socios
1790 2475 1925 2521 habc-

553 2541 700 2586 batur.
784 2539 903 2584 Huic
952 2539 1176 2599 epistolam
1222 2540 1442 2585 Cretensis
1484 2539 1608 2585 miles
1650 2540 1926 2598 obsignatam

554 2603 733 2657 annulo,
765 2602 888 2663 cujus
909 2603 1082 2662 signum
1114 2603 1232 2648 haud
1264 2617 1367 2649 sane
1398 2609 1553 2649 notum
1584 2607 1692 2658 erat,
1724 2602 1923 2649 tradidit.

553 2665 829 2713 Nabarzanes
859 2673 1035 2726 praetor
1068 2666 1202 2712 Darii
1225 2668 1402 2713 miserat
1435 2682 1546 2723 eam,
1578 2667 1923 2726 hortabaturque

555 2731 742 2776 Sisinem
772 2739 823 2776 ut
854 2730 1037 2790 dignum
1070 2730 1235 2790 aliquid
1266 2730 1499 2778 nobilitate
1527 2745 1577 2776 ac
1607 2731 1800 2775 moribus
1842 2728 1930 2775 suis

557 2794 732 2840 ederet.
776 2809 937 2854 magno
967 2793 1013 2838 id
1044 2794 1086 2839 ei
1117 2793 1234 2854 apud
1268 2794 1440 2857 Regem
1479 2794 1637 2840 honori
1665 2793 1768 2840 fore.
1835 2792 1933 2838 Has

549 2856 707 2903 ‘literas
739 2857 916 2913 Sisines,
947 2857 1134 2917 utpote
1122 2858 1341 2913 lnnoxius,
1376 2858 1434 2903 ad
1467 2857 1769 2904 Alexandrum
1801 2871 1928 2916 saepe

554 2919 727 2966 deferre
746 2921 958 2968 tentavit:
992 2921 1083 2977 sed,
1107 2935 1242 2981 quum
1264 2928 1332 2968 tot
1362 2922 1478 2968 curis
1499 2926 1795 2982 apparatuque
1826 2919 1931 2966 belli

556 2997 703 3044 regem
724 2985 893 3032 videret
907 2985 1065 3045 urgeri,
1089 2985 1233 3046 aptius
1253 2984 1440 3032 subinde
1462 2990 1634 3046 tempus
1655 2991 1925 3046 exspectans,
