2208 3424
893 286 1119 343 QUINTI
1154 286 1375 334 CURTlI
1410 285 1582 333 RUFI.
1860 282 1920 329 43

555 414 708 464 ‹lianos
739 419 786 461 ct
807 414 1067 461 Arachosios
1099 414 1356 477 nominaret,
1391 421 1645 474 ceterasque
1676 417 1832 471 gentes
1864 411 1919 455 ad

554 482 792 526 Caucasum
827 485 872 524 et
905 478 1090 523 Tanaim
1111 479 1396 538 pertinentcsz
1486 475 1808 522 Senescendum
1829 474 1923 519 soro

553 548 724 589 tantum
756 548 969 587 terrarum
1001 542 1071 587 vel
1104 542 1194 587 sinc
1218 541 1380 605 praelio
1412 540 1591 586 obeunti
1615 555 1625 585 t
1663 539 1719 584 Se
1740 552 1844 583 vero
1866 537 1922 582 ad

552 606 695 664 ipsum
727 619 882 651 vocare
914 604 1158 652 desineret:
1193 619 1380 663 namque
1402 604 1517 649 illius
1539 603 1672 649 exitio
1695 616 1787 648 esse
1819 616 1923 647 ven-

553 676 715 714 turum.
781 667 1031 712 Alexander
1063 667 1115 713 iis
1147 668 1220 729 qui
1251 668 1398 713 literas
1420 667 1660 713 attulerant
1682 666 1922 726 respondit,

555 730 739 777 Darium
772 731 853 775 sibi
886 731 1025 776 aliena
1057 732 1345 791 promittere;
1392 730 1511 791 quod
1542 737 1683 776 totum
1716 728 1924 785 amiserit,

554 795 667 839 velle
689 794 865 854 partiri:
902 793 1009 841 Doti
1027 795 1108 840 sibi
1132 793 1226 839 dari
1248 793 1450 853 Lydiam,
1476 793 1655 846 Ioniam,
1683 793 1924 849 Aeolidem,

556 856 835 917 Hellesponti
858 872 989 913 oram,
1014 857 1223 903 victoriae
1245 871 1347 902 suae
1377 857 1593 916 praemia:
1629 856 1747 922 leges
1780 863 1925 903 autem

554 937 580 966 a
602 921 838 967 victoribus
861 920 960 976 dici,
984 921 1121 980 accipi
1144 936 1169 965 a
1190 920 1317 966 victis
1335 937 1344 966 :
1378 920 1429 965 ln
1450 925 1549 964 utro
1570 925 1687 966 statu
1708 920 1838 965 ambo
1860 935 1925 965 cs-

558 990 667 1039 sent,
693 985 728 1029 si
751 984 869 1030 solus
900 984 1138 1042 ignoraret,
1173 996 1304 1043 quam
1335 984 1521 1043 primum
1555 982 1699 1029 Marte
1720 983 1928 1029 decerne-

556 1055 624 1094 ret
645 1065 655 1094 :
692 1048 748 1093 Se
764 1062 939 1106 quoque
960 1062 1095 1107 quum
1117 1046 1343 1092 transisset
1364 1062 1496 1099 mare,
1527 1061 1612 1091 non
1638 1046 1831 1091 Ciliciam
1851 1056 1928 1092 aut

556 1110 744 1171 Lydiam
780 1111 960 1171 (quippe
980 1110 1097 1156 tanti
1129 1110 1232 1154 belli
1257 1110 1458 1168 exiguam
1493 1110 1603 1154 hanc
1642 1124 1735 1154 csse
1767 1125 1930 1156 merce-

556 1173 696 1236 dem),
719 1174 794 1219 sed
819 1173 1097 1233 Persepolim
1120 1178 1252 1233 caput
1286 1174 1409 1232 regni
1432 1173 1540 1232 ejus,
1575 1171 1733 1218 Bactra
1755 1173 1928 1229 deinde,

556 1244 601 1283 et
623 1237 863 1292 Ecbatana,
887 1237 1118 1296 ultimique
1141 1236 1337 1282 Orientis
1369 1251 1488 1282 oram
1522 1236 1703 1296 imperio
1725 1251 1803 1281 suo
1834 1238 1931 1283 des-

554 1300 743 1346 tinasse:
781 1300 1058 1360 Quocunque
1090 1299 1163 1344 ille
1194 1300 1341 1356 fugere
1372 1300 1598 1359 potuisset,
1633 1300 1774 1359 ipsum
1809 1302 1931 1359 sequi

555 1379 707 1423 posse:
743 1363 962 1409 desineret
994 1370 1160 1410 terrere
1191 1363 1457 1419 fluminibus,
1493 1379 1620 1423 quem
1643 1362 1773 1409 sciret
1796 1364 1932 1410 maria

555 1428 774 1473 transisse.

617 1491 743 1536 XXI.
778 1489 926 1549 Reges
947 1490 1124 1550 quidem
1156 1490 1338 1535 invicem
1362 1491 1470 1536 haec
1503 1491 1779 1550 scripserant.
1845 1490 1932 1536 Sed

559 1554 724 1599 Rhodii
741 1554 892 1598 urbem
911 1568 1029 1598 suam
1047 1559 1288 1613 portusque
1305 1554 1526 1599 dedebant
1547 1555 1818 1599 Alexandro.
1854 1555 1933 1599 llle

560 1617 755 1662 Ciliciam
793 1616 961 1662 Socrati
996 1616 1254 1671 tradiderat,
1290 1617 1465 1663 Philota
1495 1618 1663 1675 regioni
1696 1618 1810 1663 circa
1843 1618 1933 1678 'ry'

557 1695 654 1726 rum
679 1679 804 1739 jusso
846 1679 1106 1740 praesidere.
1147 1680 1320 1739 Syriam
1353 1696 1465 1740 quae
1511 1681 1641 1726 Coele
1673 1680 1930 1741 appellatur,

560 1743 871 1789 Andromacho
910 1743 1142 1788 Parmenio
1178 1744 1433 1799 tradiderat,
1469 1744 1585 1790 bello
1623 1745 1740 1804 quod
1782 1760 1934 1805 super-

556 1814 652 1853 erat
672 1806 975 1853 interfuturus.
1041 1806 1155 1861 Rex,
1190 1805 1521 1866 Hephaestione
1546 1808 1784 1853 Phoenices
1812 1824 1932 1854 oram

560 1870 694 1916 classe
725 1869 997 1930 praetervehi
1013 1869 1154 1927 juSSO,
1179 1871 1234 1914 ad
1258 1872 1407 1915 urbem
1434 1871 1582 1916 Gazan
1608 1882 1704 1917 cum
1729 1873 1932 1917 omnibus

559 1935 693 1994 copiis
725 1934 862 1979 venit.
927 1932 1087 1978 Iisdem
1109 1933 1197 1977 fere
1220 1933 1375 1979 diebus
1396 1935 1575 1979 solenne
1598 1941 1693 1980 erat·
1714 1934 1929 1980 ludierum

562 1996 856 2052 Isthmiorum,
891 1996 1008 2055 quod
1032 2003 1252 2042 conventu
1275 1997 1411 2042 totius
1436 1998 1647 2043 Graeciae
1670 1999 1930 2046 celebratur.

561 2061 613 2106 In
631 2076 682 2106 eo
697 2060 890 2114 consiliO,
907 2064 958 2104 ut
974 2065 1076 2105 sunt
1096 2059 1367 2114 Graecorum
1384 2063 1646 2120 temporaria
1664 2062 1932 2120 ingenia,‹lc-

562 2130 761 2179 cernunt,
780 2128 843 2170 ‘ut
876 2122 1123 2181 quindecim
1145 2112 1399 2182 legarentur
1422 2125 1479 2169 ad
1503 2139 1663 2183 regem,
1683 2125 1771 2183 qui,
1791 2125 1849 2170 ob
1865 2140 1933 2170 res

559 2202 639 2247 pro
662 2187 802 2233 salute
826 2186 1035 2231 Graeciae
1056 2201 1108 2231 ac
1127 2184 1333 2233 libertate
1353 2195 1513 2245 gestaS,
1533 2202 1735 2233 eoronam
1759 2203 1933 2233 auream

561 2252 726 2296 donum
759 2249 968 2297 victoriae
999 2248 1192 2294 ferrent-⁹
1278 2250 1414 2295 Iidem
1448 2251 1579 2310 paulo
1607 2257 1710 2297 ante
1741 2253 1935 2298 incertae

559 2314 698 2359 famae
742 2318 1024 2373 captaverant
1053 2327 1216 2367 auram,
1263 2319 1327 2367 ut,
1375 2329 1654 2373 quocumque
1692 2315 1934 2375 pendentes

563 2378 728 2423 animos
751 2377 923 2423 tulisset
944 2377 1137 2432 fortuna,
1155 2383 1452 2436 sequerentur.
1490 2377 1708 2433 Ceterum,
1734 2393 1823 2424 non
1841 2379 1934 2439 ipse

565 2442 694 2486 niodo
715 2456 791 2485 rex
809 2441 960 2486 obibat
976 2439 1119 2493 urbes,
1142 2440 1311 2498 imperii
1328 2440 1486 2499 jugum
1503 2442 1643 2487 adhuc
1666 2451 1931 2496 recusantem,

564 2506 640 2550 sed
662 2512 883 2563 praetores
905 2518 1077 2563 quoque
1098 2502 1249 2558 ipsius,
1272 2505 1435 2562 egregii
1459 2505 1604 2560 duces,
1639 2505 1846 2565 pleraque
1866 2507 1933 2551 in-

562 2577 775 2614 vaserant.
842 2567 968 2612 Calas
991 2566 1349 2625 Paphlagoniam,
1369 2568 1621 2626 Antigonus
1636 2569 1930 2628 Lycaoniam:

564 2631 787 2686 Balacrus,
823 2630 982 2679 Idarne
1013 2636 1214 2690 praetore
1237 2629 1361 2675 Darii
1395 2639 1613 2691 superato,
1637 2633 1841 2678 Miletum
1864 2649 1932 2678 cc-

563 2697 630 2755 pit
652 2713 661 2741 ι
698 2694 994 2753 Amphoterus
1015 2700 1060 2738 ct
1083 2692 1366 2751 Hegelochus
1387 2703 1565 2741 centum
1596 2696 1825 2755 sexaginta
1857 2711 1933 2741 na·-

562 2760 679 2804 vium
701 2759 835 2804 classe
856 2757 1017 2803 insulas
1037 2757 1156 2802 inter
1176 2757 1387 2802 Achaiam
1409 2766 1544 2818 atque
1564 2759 1714 2804 Asiam
1735 2760 1780 2803 in
1800 2759 1931 2806 ditio-

564 2837 664 2870 nem
696 2821 937 2867 Alexandri
969 2820 1251 2879 redegerunt-.
1317 2820 1498 2868 Tenedo
1539 2837 1712 2883 quoquc
1741 2832 1931 2883 recepta,

566 2885 741 2940 Chium,
773 2884 927 2932 ineolis
958 2885 1075 2930 ultro
1108 2884 1378 2939 vocantibus,
1413 2894 1657 2932 statuerant
1688 2901 1929 2945 occupare;

563 2949 639 3000 sed
663 2950 969 2996 Pharnabazus
991 2947 1118 2994 Darii
1140 2954 1329 3007 praetor,
1353 2949 1672 3009 comprehensis
1693 2950 1851 3009 quires
1874 2950 1929 2995 ad
