2192 3408
386 285 415 329 6
730 282 957 340 QUINTI
989 280 1212 329 cunm
1243 280 1400 328 RUFI

452 411 533 459 IV.
566 411 608 458 2.
642 411 705 457 At
735 409 922 463 Darius„
936 408 1144 456 nunciata
1172 408 1420 455 Memnonis
1449 414 1604 466 morte,
1635 408 1753 456 haud

391 490 516 523 secus
537 488 663 535 quam
683 478 880 535 parerat
900 478 1058 528 motus,
1081 471 1239 519 omissa
1261 471 1381 519 omni
1392 471 1476 519 alia
1488 487 1579 534 spe,
1600 473 1754 522 statuit

384 541 484 601 ipse
514 538 772 590 decernere3
805 536 985 598 quippe,
1012 549 1125 596 quae
1136 550 1221 597 ,per
1240 535 1374 582 duces
1393 550 1493 583 suos
1513 541 1614 584 acta
1632 545 1756 584 erant

389 608 546 650 cuncta
555 600 807 656 damnabat,
825 605 949 647 ratus
962 598 1160 661 pluribus
1175 613 1338 656 curam,
1355 599 1556 647 omnibus
1570 600 1764 652 abfiiisse,

388 667 624 713 fortunam.
722 663 877 725 Igitur,
897 660 1047 711 castris
1078 661 1136 709 ad
1166 661 1439 724 Babylonem
1468 662 1636 725 positis,
1668 679 1757 726 quo

387 729 553 790 majore
591 728 735 775 animo
775 733 1049 790 capesserent
1081 725 1257 781 bellum,
1301 727 1525 774 universas
1565 727 1680 774 vires
1709 729 1757 775 in

385 798 665 852 conspectum
685 791 809 839 dedit
830 807 843 846 ς
876 796 923 837 et
942 789 1210 837 circumdato
1224 789 1340 836 vallo
1355 791 1473 850 qued
1492 791 1644 838 decem
1657 791 1756 839 mil-

388 858 499 904 lium
517 862 779 904 armatorum
810 853 1347 914 multitudinemvcaperet,
1366 851 1525 901 Xerxis
1556 855 1757 915 exemplo

385 935 616 967 numerum
636 919 860 981 copiarum
891 917 1004 964 iniit.
1047 915 1162 965 Orto
1183 917 1274 963 sole
1295 916 1353 963 ad
1373 924 1547 964 noctem
1567 918 1757 979 agmina,

388 985 502 1032 sicut
523 983 738 1044 descripta
758 988 899 1037 erant,
930 981 1149 1030 intravere
1168 980 1331 1027 vallum
1352 996 1364 1028 ε
1395 980 1501 1028 inde
1521 996 1762 1043 occupave-

368 1054 489 1095 runt
520 1047 678 1094 emissa.
688 1045 1031 1108 Mesopotamiae
1062 1059 1238 1106 campos
1260 1060 1273 1098 ;
1306 1045 1504 1105 equitum
1535 1045 1756 1105 peditum-

379 1127 465 1173 que
497 1111 810 1173 propemodum
842 1109 1170 1156 innumerabilis
1199 1109 1347 1164 turba,
1378 1107 1587 1169 majorem
1627 1123 1757 1170 quam

382 1191 464 1237 pro
495 1190 677 1222 numero
708 1174 895 1235 speciem
925 1188 1098 1233 gerens.
1162 1171 1394 1219 Persarum
1425 1178 1552 1219 erant
1582 1178 1760 1220 centum

385 1239 537 1296 millia,
579 1239 624 1285 in
661 1239 783 1300 queis
811 1251 943 1298 eques
971 1237 1156 1296 triginta
1183 1236 1321 1283 millia
1351 1235 1573 1298 implebat.
1639 1236 1763 1284 Medi

387 1304 540 1350 decem
559 1302 769 1363 equitum,
802 1301 1121 1362 quinquaginta
1138 1299 1275 1346 millia
1292 1299 1491 1361 peditum
1521 1300 1757 1347 habebant.

389 1367 682 1417 Barcanorum
703 1365 901 1426 equitum
931 1365 1020 1411 duo
1051 1364 1187 1410 millia
1214 1363 1350 1420 fuere,
1383 1364 1539 1412 armati
1558 1364 1760 1425 bipenni-

387 1432 486 1488 bus,
507 1430 760 1491 levibusque
781 1429 915 1476 scutis
945 1434 1090 1475 cetrae
1109 1427 1297 1474 maxime
1328 1427 1515 1488 speciem
1535 1428 1761 1476 reddenti-

388 1496 500 1548 bus3
533 1494 728 1555 peditum
770 1493 923 1540 decem
962 1492 1098 1538 millia
1127 1491 1223 1553 pari
1252 1496 1420 1539 armatu
1451 1492 1760 1552 sequebantur.

390 1557 590 1604 Armenii
618 1557 912 1618 quadraginta
945 1556 1080 1602 millia
1119 1555 1326 1602 miserant
1354 1555 1567 1616 peditum,
1600 1554 1764 1603 additis

389 1621 808 1732 ififfiemefflsfibssssl
826 1619 1077 1730 θὲῗῗῗὲωὲχ
1101 1619 1316 1730 ἷξῖζὲἓέἓ
1348 1618 1762 1731 egssiffliiissaffissir

391 1700 605 1795 Derbiges
624 1720 919 1810 quadraginta
938 1699 1301 1808 milliappeditum
1329 1697 1632 1802 aerinaveranu
1664 1747 1763 1807 plu-

390 1813 513 1859 ribus
530 1827 633 1859 aere
663 1813 890 1859 autferro
921 1812 1137 1872 preafixae
1165 1810 1317 1857 hastae
1338 1826 1350 1865 ;
1384 1810 1562 1871 quidam
1592 1811 1763 1872 lignum

388 1877 488 1935 igne
519 1876 817 1923 duraverant:
859 1875 939 1921 hos
974 1889 1148 1936 quoque
1187 1874 1278 1920 duo
1319 1874 1454 1920 millia
1484 1874 1681 1935 equitum
1710 1890 1767 1922 ex

387 1940 541 1986 eadem
560 1946 687 1998 gente
708 1939 918 1986 comitata
928 1944 1047 1985 sunt.
1110 1938 1154 1982 A
1171 1937 1332 1998 Caspio
1344 1937 1454 1984 mari
1470 1944 1572 1985 octo
1581 1938 1764 1985 millium

391 2003 594 2064 pedester
623 2002 841 2049 exercitus
874 2009 1066 2057 venerat,
1097 2001 1277 2048 ducenti
1305 2001 1492 2061 equites.
1555 2001 1669 2048 Cum
1697 2001 1766 2048 his

392 2074 520 2114 erant
538 2067 753 2126 ignobiles
783 2066 896 2113 aliae
925 2073 1080 2126 gentes
1110 2065 1200 2112 duo
1230 2065 1369 2111 millia
1397 2065 1609 2126 peditum,
1642 2067 1765 2126 equi-

397 2132 495 2178 tum
516 2130 732 2191 duplicem
743 2135 1003 2191 paraverant
1018 2143 1263 2175 numerum.
1328 2127 1415 2175 His
1430 2129 1566 2190 copiis
1581 2129 1767 2190 triginta

393 2193 531 2241 mil-lia
553 2194 832 2251 Graecorum,
867 2194 1066 2240 mercede
1086 2192 1316 2249 conducta,
1339 2193 1542 2253 egregiae
1559 2192 1766 2255 juventu-

391 2260 464 2314 tis,
481 2257 658 2319 adjecta
671 2264 791 2305 sunt.
835 2258 949 2304 Nam
965 2257 1223 2304 Bactrianos
1243 2264 1289 2303 et
1310 2256 1557 2317 Sogdianos
1571 2263 1617 2305 et
1631 2256 1764 2303 Indos

391 2328 645 2382 ceterosque
664 2322 968 2368 RubriMaris
998 2322 1178 2376 accolas,
1200 2321 1349 2381 ignota
1380 2321 1510 2369 etiam
1540 2319 1625 2382 ipsi
1653 2335 1763 2382 gen-

394 2386 507 2433 tium
528 2386 715 2442 nomina,
736 2385 960 2433 festinatio
979 2385 1238 2447 prohibebat
1257 2384 1402 2432 acciri.

458 2449 516 2496 V.
547 2449 641 2496 Nec
661 2450 896 2511 quicquam
916 2449 980 2495 illi
999 2449 1143 2496 minus
1163 2464 1296 2510 quam
1316 2449 1554 2497 multitudo
1574 2447 1763 2495 militum

395 2512 565 2561 defuit:
596 2513 718 2574 cujus
738 2519 833 2560 tum
854 2513 1082 2560 universae
1112 2513 1577 2574 adspectufadmodum
1607 2514 1764 2569 laetus,

396 2577 648 2637 purpuratis
668 2577 796 2625 solita
815 2577 1009 2625 vanitate
1040 2590 1163 2638 spem
1179 2577 1274 2638 ejus
1294 2577 1562 2634 inflantibus,
1586 2591 1765 2624 conver·

399 2656 472 2687 sus
493 2640 552 2687 ad
574 2640 880 2687 Charidemum
911 2641 1236 2697 Atheniensem,
1268 2640 1374 2687 belli
1393 2641 1584 2703 peritum
1614 2647 1674 2697 et,
1707 2643 1766 2688 ob

400 2704 592 2759 exilium,
614 2704 819 2752 infestum
849 2704 1118 2760 Alexandro,
1151 2702 1331 2766 (quippe
1349 2705 1550 2763 Athenis,
1576 2705 1766 2766 jubento

402 2783 468 2823 eo,
490 2767 631 2815 fuerat
651 2767 876 2831 expulsus)
909 2769 1154 2829 percontari
1173 2769 1332 2830 coepit,
1355 2770 1516 2817 satisne
1535 2769 1577 2816 ei
1598 2770 1765 2817 videre-

400 2838 476 2878 tur
498 2831 735 2879 instructus
754 2832 813 2878 ad
842 2832 1131 2879 obterendum
1159 2832 1343 2893 hostem.
1408 2834 1472 2880 At
1491 2834 1567 2880 ille
1587 2840 1632 2881 et
1663 2850 1767 2881 suae

402 2895 532 2942 sortis
552 2903 597 2943 et
615 2896 762 2957 regiae
781 2897 1008 2957 superbiae
1038 2897 1199 2944 oblitus
1220 2913 1232 2951 ;
1268 2902 1281 2924 ‘
1300 2896 1494 2954 Verum,'
1514 2899 1670 2959 inquit,
1695 2903 1707 2926 ‘
1719 2905 1766 2955 et

399 2965 450 3007 tu
470 2959 614 3007 forsan
635 2960 786 3007 audire
818 2959 931 3009 nolis
952 2975 964 3019 3
996 2968 1042 3008 et
1072 2976 1168 3022 ego,
1201 2962 1285 3008 nisi
1316 2975 1434 3009 nuuc
1463 2962 1628 3020 dixero,
1662 2963 1767 3010 alias

2009 511 2011 518 ·
2002 322 2033 498 4224:ss-

1996 827 2025 982 ,rr-„m
2005 698 2009 710 ,

2013 2289 2021 2382 Ὰ-..

2010 2855 2018 2913 Ἀ
2015 2840 2018 2845 ,
2014 2764 2019 2818 iq„
2016 2677 2018 2683 Α
2012 2535 2019 2563 ,,,-
