2192 3408
963 268 1156 319 mann
1191 271 1481 322 mnus.
1877 275 1905 320 5

536 402 643 449 baec
664 397 800 445 maris
818 396 1172 458 augustissimum
1195 401 1328 449 Asiae
1357 400 1548 463 spatium
1577 414 1670 449 esse
1700 413 1797 448 com
1877 399 1911 446 i-

535 476 648 518 mus,
657 465 846 523 utroque
859 459 907 508 ln
922 466 1066 509 arctas
1081 461 1228 510 fauces
1246 463 1540 526 compellente
1554 468 1731 513 temni·
1831 477 1914 511 use

533 525 642 636 auia
659 522 903 573 continenti
922 523 1146 584 adhaeret,
1179 526 1257 574 sed
1288 541 1421 588 magn
1422 542 1450 575 a
1480 542 1537 575 ex
1566 532 1692 636 parte
1722 525 1917 638 ddffim

568 587 755 643 uatibus,
773 586 960 650 speciem
980 587 1148 636 insulae
1163 590 1376 656 praebet·
1408 605 1472 645 ac,
1497 589 1565 637 nis
1610 596 1745 639 tenue

539 666 642 700 men
671 666 699 699 ο
732 650 896 705 ⁹,icoret
930 650 1080 708 maria,
1111 667 1225 714 quae
1254 667 1376 700 nuno
1405 652 1578 710 dividit,
1608 653 1914 703 committeret.

598 729 803 772 exan,er
847 713 957 762 urbe
987 714 1034 762 in
1055 731 1178 763 susm
1209 715 1421 765 ditionem
1447 716 1638 772 redacta,
1658 716 1786 764 Jovis
1804 722 1916 766 tem·

539 779 660 840 plum
690 777 873 835 intrans,
905 777 1166 835 vehiculum,
1198 794 1288 840 quo
1321 778 1539 827 Gordium
1570 778 1719 826 Midae
1747 785 1918 841 patrem

539 847 713 890 vectum
734 855 828 890 esse
849 841 1091 899 constabat,
1114 843 1301 904 aspexit,
1322 842 1445 891 cultu
1476 841 1598 890 haud
1627 856 1734 890 sane
1762 858 1791 890 a
1820 842 1916 889 vili-

536 905 687 953 oribus
707 905 983 967 vulgatisque
1001 919 1083 952 usu
1104 905 1357 954 abhorrens.
1420 905 1629 955 Notabile
1649 911 1746 954 erat
1756 904 1918 967 jugum

535 969 796 1017 adstrictum
827 968 1123 1031 compluribus
1153 969 1282 1017 nodis
1311 970 1360 1016 in
1391 969 1643 1032 semetipsos
1672 969 1919 1045 implicatis,

538 1039 587 1080 et
607 1032 851 1081 celantibus
871 1047 1024 1079 nexus.
1089 1032 1252 1080 Incolis
1282 1032 1444 1081 deinde
1473 1032 1805 1090 affirmantibus,
1825 1031 1919 1081 edi-

540 1105 633 1144 tam
653 1110 748 1144 esse
768 1095 946 1144 oraculo
967 1100 1142 1153 sortem,
1167 1096 1299 1144 Asiae
1319 1097 1566 1157 potiturum
1586 1096 1662 1158 qui
1680 1095 1919 1158 inexplica-

544 1159 631 1207 bile
673 1159 895 1207 vinculum
937 1158 1170 1216 solvisset;
1214 1159 1378 1223 cupido
1407 1159 1587 1208 incessit
1616 1159 1761 1207 animo
1792 1159 1922 1208 sortis

539 1224 638 1284 ejus
657 1222 918 1284 implendae.

608 1285 695 1334 111.
729 1286 859 1334 Circa
877 1300 1027 1347 regem
1050 1293 1145 1335 erat
1176 1293 1222 1335 et
1244 1286 1472 1350 Phrygum
1494 1287 1625 1336 turba
1645 1291 1692 1335 et
1714 1285 1921 1335 Macedo-

545 1365 680 1407 num;
710 1349 788 1397 illa
807 1349 1112 1411 expectatione
1132 1365 1356 1413 suspensa,
1377 1351 1486 1399 haec
1505 1350 1691 1399 sollicita
1710 1365 1767 1397 ex
1787 1355 1921 1398 teme·

546 1414 660 1462 raria
688 1414 806 1475 regis
834 1413 1009 1462 fiducia.
1075 1414 1264 1491 Quippe,
1298 1414 1410 1462 serie
1444 1414 1721 1463 vinculorum
1751 1413 1815 1462 ita
1845 1413 1922 1462 ad-

545 1478 710 1533 stricta,
734 1483 798 1535 ut,
820 1476 942 1525 unde
961 1491 1102 1525 nexus
1123 1478 1336 1539 inciperet
1357 1493 1500 1540 quove
1531 1494 1579 1526 se
1598 1476 1820 1532 conderet,
1844 1492 1924 1552 nec

546 1541 717 1590 ratione
737 1556 820 1588 neo
841 1541 937 1587 visu
967 1541 1131 1617 percipi
1161 1548 1323 1603 posset,
1355 1542 1523 1590 solvere
1546 1555 1786 1618 aggressus
1815 1539 1924 1601 inje—

542 1611 666 1651 cerat
685 1619 850 1661 curam,
881 1619 939 1651 ne
967 1605 1016 1651 in
1047 1619 1176 1651 omen
1205 1611 1451 1654 verteretur
1481 1605 1655 1653 irritum
1685 1603 1925 1697 inceptum.

547 1668 629 1715 llle
649 1681 925 1743 nequaquam
944 1667 1021 1714 diu
1042 1666 1234 1715 luctatus
1255 1683 1356 1716 cum
1375 1669 1614 1717 latentibus
1634 1667 1792 1722 nodis·
1814 1667 1926 1713 ‘Ni-

545 1730 636 1788 hil:
677 1732 835 1793 inquit,
869 1730 1078 1778 ‘interest
1118 1733 1340 1793 quomodo
1382 1730 1649 1787 solvantur?
1689 1731 1926 1793 gladioque

549 1796 690 1857 ruptis
710 1796 914 1842 omnibus
933 1794 1052 1850 loris,
1075 1796 1241 1842 oraculi
1271 1801 1435 1845 sortem
1463 1797 1537 1843 vel
1567 1795 1710 1852 elusit,
1743 1794 1813 1842 vel
1844 1794 1925 1840 im-

547 1859 697 1920 plevit.
762 1859 875 1906 Cum
896 1857 1059 1905 deinde
1079 1859 1280 1916 Darium,
1298 1860 1551 1921 ubicunque
1571 1865 1697 1915 esset,
1712 1872 1926 1919 occupare

545 1922 798 1976 statuisset,
833 1928 885 1969 ut
915 1936 942 1968 a
982 1929 1111 1982 tergo
1154 1928 1253 1970 tuta
1285 1923 1567 1985 relinqueret,
1600 1921 1925 1983 Amphoterum

547 1986 674 2033 classi
695 1985 751 2032 ad
774 2000 894 2032 oram
925 1984 1220 2046 Hellesponti,
1252 1987 1390 2047 copiis
1420 1992 1567 2034 autem
1597 1984 1806 2046 praefecit
1833 1984 1928 2031 He-

544 2049 791 2109 gelochum,
814 2048 1008 2096 Lesbum
1028 2054 1075 2096 et
1098 2049 1259 2096 Chium
1280 2056 1327 2097 et
1349 2051 1447 2107 Con
1476 2049 1704 2111 praesidiis
1734 2048 1929 2096 hostium

547 2113 821 2161 liberaturos.
886 2111 974 2158 His
994 2112 1164 2161 talenta
1183 2112 1241 2160 ad
1261 2100 1368 2160 belli
1388 2129 1516 2160 usum
1537 2113 1783 2174 quingenta
1802 2111 1929 2159 attri-

549 2177 670 2224 buta.
736 2176 811 2223 Ad
824 2175 1123 2236 Antipatrum,
1142 2183 1190 2224 et
1210 2190 1284 2223 eos
1300 2178 1378 2238 qui
1395 2176 1588 2224 Graecas
1602 2177 1733 2223 urbes
1745 2175 1930 2224 tueban-

549 2246 638 2297 tur,
655 2246 863 2287 sexcenta
881 2240 1025 2288 missa.
1091 2238 1161 2286 Ex
1180 2240 1358 2288 foedere
1378 2255 1511 2288 naves
1532 2239 1660 2287 sociis
1677 2240 1930 2301 imperatae,

550 2319 665 2365 quae
695 2303 988 2378 Hellesponto
1018 2304 1332 2364 praesiderent.
1398 2304 1612 2351 Nondum
1640 2303 1758 2350 enim
1788 2302 1930 2349 Mem-

551 2383 668 2415 nona
689 2366 780 2415 vita
801 2367 1034 2414 excessisse
1054 2374 1338 2428 cognoverat,
1368 2368 1415 2414 in
1447 2383 1579 2429 quem
1606 2381 1757 2413 omnes
1786 2365 1932 2414 inten-

551 2432 678 2479 derat
708 2446 869 2487 curas3
902 2431 1006 2478 satis
1037 2445 1216 2490 gnarus,
1248 2438 1410 2479 cuncta
1439 2433 1486 2478 in
1517 2431 1723 2492 expedito
1754 2430 1863 2486 fore,
1897 2430 1934 2475 si

552 2495 661 2542 nihil
703 2496 760 2542 ab
789 2511 842 2542 eo
872 2501 1136 2542 moveretur.
1199 2495 1390 2556 Jamque
1429 2495 1485 2542 ad
1523 2495 1676 2542 urbem
1707 2493 1934 2554 Ancyram

551 2567 733 2607 ventum
753 2564 862 2615 erat,
885 2559 961 2604 ubi
982 2572 1165 2606 numero
1195 2560 1420 2619 copiarum
1450 2559 1565 2606 inito
1586 2556 1932 2619 Paphlagoniam

552 2625 702 2671 intrat.
767 2622 890 2669 Huic
903 2621 1049 2683 juncti
1068 2627 1196 2669 erant
1218 2622 1367 2678 Eueti,
1390 2623 1510 2669 unde
1537 2621 1715 2683 quidam
1735 2620 1934 2668 Venetos

554 2688 728 2734 trahere
748 2687 961 2748 originem
983 2685 1201 2740 credunt;
1234 2686 1463 2747 omnisque
1492 2685 1603 2733 haec
1632 2684 1756 2745 regio
1786 2684 1935 2745 paruit

554 2751 679 2812 regi.
713 2750 914 2812 datisque
935 2749 1173 2806 obsidibus,
1189 2720 1409 2797 'tributum
1432 2750 1573 2812 (quod
1594 2764 1651 2795 ne
1672 2748 1818 2795 Persis
1838 2747 1935 2808 qui·

555 2815 656 2862 dem
692 2812 916 2877 tulissent)
954 2813 1149 2875 pendere
1189 2828 1248 2860 ne
1277 2822 1544 2874 cogerentur
1573 2813 1936 2873 impetraverunt.

556 2878 686 2925 Calas
705 2878 810 2926 huic
828 2878 998 2939 regioni
1018 2877 1292 2939 praepositus
1323 2886 1421 2926 est.
1452 2879 1561 2939 ipse,
1594 2875 1827 2937 assumptis
1857 2875 1934 2935 qui

552 2958 609 2991 ex
630 2942 892 2990 Macedonia
912 2956 1055 3004 nuper
1073 2942 1359 3000 advenerant,
1384 2940 1705 3005 Cappadociam
1727 2939 1872 3008 petiit

1192 3020 1286 3067 Ae
