2208 3424
413 255 474 304 44
825 258 1018 306 LIBER
1055 257 1384 315 QUARTUS.

413 385 681 433 Macedonas
696 383 944 440 trahebant,
962 400 1114 433 rursus
1127 387 1387 448 Apollonidi
1402 393 1447 436 et
1464 389 1789 450 Athanagorae,

411 464 590 497 suarum
631 447 821 509 partium
864 448 982 503 viris,
1021 449 1174 495 urbem
1218 467 1317 498 cum
1359 452 1533 498 modico
1576 452 1792 514 praesidio

410 513 596 560 militum
618 510 773 558 tradit.
841 511 1051 560 Praefecti
1072 512 1316 560 Alexandri
1334 515 1381 561 in
1415 516 1642 562 obsidione
1671 517 1793 563 urbis

410 575 775 637 perseverabant:
810 589 900 621 non
922 569 1010 621 ta‘m
1032 576 1122 621 suis
1145 577 1324 632 viribus,
1349 593 1478 639 quam
1502 579 1694 640 ipsorum
1717 579 1794 640 qui

415 638 732 685 obsidebantur
763 639 1006 685 voluntate.
1073 639 1169 686 Nec
1198 640 1354 688 fefellit
1386 643 1571 702 opini0;
1606 656 1795 702 namque

409 703 528 749 inter
551 701 861 763 Apollonidcm
884 707 929 748 ct
950 702 1083 748 duces
1104 702 1292 750 militum
1316 710 1416 751 orta
1436 706 1610 761 sediti0,
1633 706 1792 752 irrum-

408 765 544 825 pendi
562 765 607 811 in
625 765 779 810 urbem
802 766 1073 812 occasionem
1096 766 1238 813 dedit.
1305 768 1546 828 Quumque
1567 775 1694 830 porta
1726 769 1789 814 ef·

410 828 551 876 fracta
571 829 729 875 cohors
752 828 1044 875 Macedonum
1066 830 1286 885 intrasset,
1309 830 1536 890 oppidani,
1561 832 1664 878 olim
1686 846 1792 878 con-

407 892 507 938 silio
524 888 788 952 proditionis
805 893 987 952 agitate,
1007 900 1256 951 aggregant
1277 910 1323 939 se
1339 895 1617 954 Amphotero
1638 901 1682 943 et
1696 895 1794 941 He-

406 956 618 1015 gelocho;
641 955 959 1015 Persarumque
980 956 1199 1015 praesidio
1217 972 1356 1012 caeso,
1370 956 1677 1005 Pharnabazus
1693 975 1793 1005 cum

410 1019 679 1081 Apollonide
700 1023 745 1065 et
767 1019 1056 1078 Athanagora
1086 1020 1224 1066 vineti
1254 1020 1495 1067 traduntur
1517 1037 1528 1074 ;
1562 1022 1794 1068 duodecim

408 1085 607 1131 triremes
629 1098 729 1128 cum
753 1097 833 1128 suo
855 1083 991 1129 milite
1014 1098 1064 1129 ac
1086 1084 1252 1143 remige
1273 1117 1285 1139 ‚
1319 1090 1495 1144 praeter
1515 1100 1589 1131 eas
1610 1084 1795 1144 triginta

407 1147 563 1194 inanes
594 1154 640 1194 et
678 1146 850 1206 piratici
892 1146 1037 1201 lembi,
1085 1146 1443 1207 Graecorumque
1476 1149 1564 1196 tria
1599 1148 1733 1195 millia
1770 1164 1797 1195 a

411 1211 558 1257 Persis
577 1209 778 1261 mercede
799 1209 1034 1256 conduct-a.
1098 1209 1184 1255 His
1206 1209 1253 1255 in
1275 1211 1629 1271 supplementum
1650 1211 1795 1271 copia-

409 1290 508 1322 rum
551 1288 727 1321 suarum
764 1272 1022 1329 distributis,
1067 1273 1306 1333 piratisque
1359 1275 1575 1336 supplicio
1607 1275 1785 1329 affectis,

410 1340 605 1400 captivos
627 1335 815 1395 remiges
831 1335 1029 1395 adjecere
1052 1336 1177 1382 classi
1199 1352 1320 1383 suae.

473 1401 623 1447 XXII.
659 1399 794 1446 Forte
815 1400 1092 1446 Aristonicus
1115 1400 1529 1461 Methymnaeorum
1561 1407 1791 1462 tyrannus,

405 1481 506 1512 cum
526 1464 721 1526 piraticis
752 1464 948 1517 navibus,
983 1464 1163 1523 ignarus
1184 1463 1379 1509 omnium
1405 1480 1516 1523 quae
1545 1466 1604 1511 ad
1627 1465 1787 1511 Chium

407 1534 507 1576 aeta
537 1533 678 1579 erant,
713 1526 850 1586 prima
882 1526 1031 1585 vigilia
1061 1527 1118 1572 ad
1138 1533 1293 1587 portus
1324 1529 1516 1574 claustra
1547 1528 1754 1575 successit
1778 1545 1788 1575 :

409 1594 795 1651 interrogatusque
817 1606 843 1635 a
864 1591 1130 1645 custodibus,
1150 1592 1247 1649 quis
1263 1596 1391 1645 esset,
1412 1591 1711 1638 Aristonicum
1733 1593 1792 1637 ad

410 1656 744 1702 Pharnabazum
766 1654 916 1699 venire
942 1655 1185 1715 respondit..
1249 1654 1318 1699 Illi
1342 1654 1674 1702 Pharnabazum
1696 1655 1795 1715 qu-i-

409 1721 511 1766 dem
526 1719 620 1779 jam
643 1717 866 1777 quiescere
887 1725 933 1778 ct
955 1733 1043 1763 non
1066 1732 1191 1777 posse
1213 1722 1308 1763 tum
1330 1718 1458 1773 adiri,
1493 1725 1687 1766 ceterum
1710 1733 1789 1778 pa-

408 1790 505 1831 tere
526 1782 645 1829 socio
667 1790 799 1838 atque
819 1781 979 1840 hospiti
1007 1787 1199 1842 portum,
1224 1787 1270 1827 et
1290 1789 1469 1840 postero
1490 1783 1564 1828 die
1597 1782 1793 1828 Pharna·-

406 1847 504 1893 bazi
537 1846 706 1906 copiam
728 1845 822 1890 fore
843 1846 1074 1890 affirmant.
1140 1844 1237 1889 Nec
1258 1844 1480 1892 dubitavit
1508 1844 1793 1892 Aristonicus

408 1912 574 1970 primus
602 1909 770 1955 intrare
786 1924 797 1962 ;
833 1908 970 1953 secuti
992 1913 1097 1953 sunt
1129 1908 1286 1953 ducem
1318 1908 1492 1967 piratici
1524 1909 1690 1964 lembi;
1725 1924 1790 1963 ac,

407 1975 518 2027 dum
538 1973 762 2033 applicant
782 1971 959 2030 navigia
980 1970 1193 2031 crepidini
1216 1976 1382 2030 portus,
1408 1972 1613 2033 objicitur
1633 1987 1660 2018 a
1680 1971 1792 2031 vigi-

407 2038 524 2085 libus
544 2037 781 2083 claustrum
807 2052 817 2080 :
852 2042 899 2081 et
929 2035 1003 2093 qui
1035 2034 1223 2095 proximi
1245 2035 1537 2091 excubabant,
1560 2037 1617 2082 ab
1636 2036 1791 2082 iisdem

409 2102 694 2152 excitantur;
728 2098 935 2158 nulloque
967 2094 1022 2144 ek
1052 2098 1120 2143 his
1151 2113 1256 2143 auso
1286 2114 1549 2159 repugnare,
1585 2100 1787 2146 omnibus

409 2172 592 2213 catenae
606 2162 793 2224 injectae
813 2168 942 2208 sunt:
967 2162 1243 2222 Amphotero
1258 2161 1422 2208 deinde
1443 2162 1791 2222 Hegelochoque

410 2229 661 2276 traduntur.
729 2225 850 2271 Hinc
871 2226 1135 2271 Macedones
1148 2225 1359 2272 transiere
1375 2225 1636 2287 Mitylenen,
1660 2241 1791 2286 quam

411 2292 576 2338 Chares
600 2289 887 2337 Atheniensis
918 2304 1058 2349 nuper
1080 2295 1349 2349 occupatam,
1384 2289 1574 2335 duorum
1606 2289 1791 2335 millium

411 2356 640 2402 Persarum
662 2353 883 2414 praesidio
914 2354 1122 2406 tenebam
1157 2353 1235 2398 sed
1256 2367 1394 2411 quum
1415 2353 1685 2399 obsidionem
1700 2361 1703 2364 ’
1717 2358 1787 2398 to—

412 2421 552 2466 lerare
570 2433 662 2463 non
683 2423 843 2477 posset,
868 2418 976 2462 urbe
998 2416 1176 2469 tradita,
1195 2423 1348 2475 pactus
1371 2421 1424 2462 ut
1443 2416 1652 2463 ineolumi
1673 2417 1797 2463 abire

412 2483 579 2537 liceret,
622 2481 819 2526 Imbrum
850 2480 979 2541 petit.
1061 2480 1238 2526 Deditis
1278 2480 1543 2526 Macedones
1588 2495 1791 2540 peperce-

414 2552 536 2592 runt.
1231 2590 1237 2600 ,

478 2608 656 2655 XXIII.
690 2606 736 2653 6.
769 2607 945 2663 Darius,
979 2608 1210 2667 desperata
1240 2623 1346 2667 pace
1367 2622 1498 2666 quam
1530 2623 1609 2667 per
1641 2608 1791 2654 literas

412 2671 924 2734 legatosqueimpetrari
955 2686 1080 2731 posse
1123 2670 1383 2726 crediderat,
1430 2671 1486 2717 ad
1527 2671 1792 2731 reparandas

415 2738 529 2784 vires
550 2736 801 2793 bellumque
831 2734 1015 2795 impigre
1035 2735 1336 2780 renovandum
1368 2734 1563 2781 intendit
1584 2734 1790 2780 animum.

415 2802 566 2848 Duces
599 2813 707 2858 ergo
739 2798 958 2857 copiarum
990 2797 1279 2858 Babyloniam
1309 2799 1573 2851 convenire;
1611 2796 1791 2844 Bessum

415 2879 591 2926 quoque
614 2862 948 2908 Bactrianorum
970 2862 1142 2916 ducem,
1163 2877 1295 2921 quam
1316 2862 1507 2909 maximo
1538 2867 1683 2922 posset
1714 2877 1790 2907 ex-

411 2930 548 2977 ercitu
566 2932 735 2983 coactu,
751 2925 1013 2973 descendere
1030 2926 1089 2972 ad
1109 2941 1155 2972 se
1169 2925 1312 2987 jubet.
1379 2925 1494 2973 Sunt
1514 2931 1659 2973 autem
1680 2925 1791 2972 Bac-
