2208 3424
490 304 549 350 64
839 302 1066 357 QUINTI
1103 301 1326 347 CURTII
1359 300 1514 346 RUFI

489 432 715 476 Persarum
734 429 904 488 imperii
920 429 1025 473 deos
1043 428 1212 474 debitas
1226 444 1252 474 a
1271 430 1531 475 vecordibus
1553 444 1713 489 poenas
1737 447 1746 476 :
1768 433 1807 476 N
1812 448 1862 477 ee

486 496 624 553 ipsum
646 494 803 538 ducein
825 493 1040 537 saniorem
1064 507 1157 537 esse
1181 507 1191 546 ;
1228 493 1389 552 quippe
1409 495 1501 540 ritu
1522 493 1712 539 ferarum
1735 511 1859 555 prae-

484 561 584 604 dam
618 556 761 612 modo,
797 571 928 616 quam
960 561 1199 615 expeteret,
1234 556 1500 613 intuentem,
1531 558 1576 601 in
1613 559 1861 617 perniciem

482 636 593 680 quae
606 625 709 666 ante
730 620 934 680 praedam
952 619 1095 679 posita
1115 624 1242 674 esset,
1265 619 1502 666 incurrere.
1568 620 1729 667 Similis
1744 625 1861 682 apud

485 684 748 730 Macedones
771 697 942 743 quoque
964 682 1213 729 sollicitudo
1234 689 1354 728 erat:
1378 692 1652 743 noctemque,
1670 686 1792 731 velut
1814 687 1860 730 in

484 764 579 793 eam
612 748 850 793 certamine
881 747 1040 802 edicto,
1073 753 1196 793 metu
1227 753 1430 806 egerunt.
1497 747 1752 793 Alexander
1772 764 1861 794 non

481 813 586 857 alias
610 812 749 870 magis
771 810 965 865 territus,
1017 810 1073 856 ad
1090 815 1195 857 vota
1216 816 1261 856 et
1283 825 1433 870 preces
1450 809 1765 857 Aristandrum
1787 829 1861 856 vo-

478 876 567 921 cari
593 876 734 934 jubet.
802 874 883 919 Ille
914 875 962 919 in
984 873 1173 919 candida
1194 882 1328 929 veste,
1353 876 1565 920 verbenas
1586 890 1717 920 manu
1736 891 1858 935 prae—

481 940 637 992 ferens,
662 938 806 998 eapite
827 939 970 983 velato
992 937 1192 997 praeibat
1213 952 1364 997 preces
1384 939 1493 998 regi,
1517 938 1546 983 J
1551 954 1671 983 ovem
1699 940 1862 985 Miner--

481 1018 578 1047 vam
602 1002 937 1061 Victoriamque
967 1001 1238 1061 propitianti.
1306 1002 1433 1047 Tunc
1456 1002 1630 1059 quidem
1654 1004 1866 1048 sacrificio

484 1067 567 1111 rite
584 1071 850 1126 perpetrato,
873 1065 1087 1124 reliquum
1119 1065 1260 1111 noctis
1283 1065 1571 1125 adquieturus
1591 1066 1638 1110 iu,
1661 1068 1863 1112 taberna-

480 1130 627 1174 culum
642 1130 787 1174 rediit.
848 1128 937 1174 Sed
952 1144 1033 1174 nec
1054 1143 1256 1174 somnum
1278 1144 1432 1190 capere
1453 1144 1537 1174 nee
1558 1130 1748 1188 quietem
1771 1133 1862 1190 pati

482 1199 670 1251 poterat.
735 1192 872 1237 Modo
893 1208 918 1238 e
932 1192 1045 1252 jugo
1067 1193 1230 1238 montis
1252 1193 1387 1238 aciem
1411 1193 1458 1238 in
1480 1193 1685 1238 dextrum
1709 1194 1861 1239 Persa-

481 1272 576 1301 rum
609 1272 745 1302 cornu
779 1256 1010 1302 demittere
1042 1257 1254 1315 agitabat,
1287 1256 1419 1303 modo
1441 1262 1564 1302 reeta
1584 1258 1729 1302 fronte
1760 1273 1863 1302 con-

481 1335 608 1365 curre
628 1321 771 1365 hosti:
805 1320 1029 1365 interdum
1062 1320 1294 1376 haesitare,
1339 1336 1394 1366 an
1427 1321 1574 1380 potius
1605 1322 1652 1365 in
1691 1322 1860 1366 laevum

480 1389 704 1443 torqueret
737 1399 911 1442 agmen.
979 1384 1178 1429 Tandem
1209 1390 1440 1442 gravatum
1473 1384 1605 1429 animi
1638 1386 1862 1430 anxietate

481 1463 638 1506 eorpus
661 1448 792 1493 altior
814 1462 991 1492 somnus
1013 1447 1242 1507 oppressit.

542 1511 617 1555 LI.
652 1511 841 1570 Jamque
873 1512 972 1556 luce
1003 1518 1102 1557 orta
1132 1511 1267 1557 duces
1300 1512 1358 1555 ad
1389 1512 1646 1569 accipienda
1682 1511 1862 1571 imperia

480 1582 792 1630 convenerant,
825 1575 1003 1621 insolito
1035 1576 1150 1620 circa
1169 1575 1438 1635 praetorium
1469 1575 1643 1619 silentio
1668 1575 1862 1621 attoniti,

480 1638 657 1696 Quippe
673 1639 780 1682 alias
794 1653 1010 1682 arcessere
1031 1639 1162 1697 ipsos,
1189 1645 1234 1682 et
1254 1638 1480 1682 interdum
1502 1644 1722 1683 morantes
1735 1641 1863 1683 cast-i-

478 1715 584 1759 gare
605 1706 880 1746 assueverat:
914 1708 1021 1746 tunc
1053 1715 1109 1744 ne
1131 1700 1289 1745 ultimo
1333 1700 1511 1759 quidem,
1543 1700 1690 1745 rerum
1713 1702 1863 1746 discri-

477 1765 593 1809 mine
615 1764 853 1810 excitatum
876 1779 969 1809 esse
1000 1764 1275 1808 mirabantur
1298 1778 1309 1816 ;
1343 1769 1388 1808 et
1420 1779 1512 1808 non
1534 1779 1686 1809 somno
1719 1766 1861 1824 quies-

478 1843 589 1881 cere,
614 1828 690 1873 sed
721 1842 882 1886 pavore
914 1842 1107 1872 marcere
1128 1826 1384 1872 eredebant.
1448 1827 1555 1871 Non
1576 1834 1724 1873 tamen
1746 1829 1862 1887 quis-2

481 1907 608 1947 quam
642 1907 665 1936 e
698 1891 955 1936 custodibus
976 1891 1170 1949 corporis
1190 1891 1357 1936 intrare
1372 1891 1704 1935 tabernaculum
1727 1893 1861 1937 aude-

486 1959 557 2001 bat
578 1972 588 2000 z
608 1955 756 2013 etjam
775 1961 948 2014 tempus
963 1954 1157 2000 instabat
1179 1969 1190 2006 ;
1209 1969 1291 1998 nee
1315 1953 1437 1999 miles
1457 1954 1626 2012 injussu
1644 1955 1768 1999 ducis
1784 1966 1858 2001 aut

483 2034 602 2063 arma
623 2034 777 2077 capere
799 2023 986 2077 poterat,
1002 2023 1079 2063 aut
1100 2017 1147 2062 in
1170 2017 1348 2062 ordines
1370 2017 1446 2063 ire.
1515 2017 1606 2061 Diu
1630 2016 1860 2063 Parmenio

480 2088 725 2136 cunctatus,
749 2082 893 2126 cibum
911 2088 962 2127 ut
977 2086 1196 2141 caperent,
1219 2081 1313 2140 ipse
1329 2082 1608 2140 pronunciat.
1673 2082 1863 2142 Jamque

481 2146 604 2191 exire
635 2160 810 2191 necesse
832 2151 955 2191 erat:
991 2150 1098 2192 tunc
1119 2145 1296 2189 demum
1328 2146 1467 2190 intrat
1499 2145 1861 2199 tabernaculum;

481 2209 739 2270 saepiusque
761 2209 937 2254 nomine
958 2208 1280 2269 compellatum,
1305 2223 1441 2268 quum
1463 2222 1570 2253 voce
1590 2223 1681 2253 non
1703 2216 1863 2269 posset,

481 2279 603 2319 tactu
623 2273 848 2320 excitavit.
912 2276 925 2299 ‘
942 2272 1087 2319 Multa
1107 2270 1216 2328 lux,’
1246 2272 1402 2330 inquit,
1435 2276 1449 2300 ‘
1465 2276 1533 2318 est
1556 2288 1566 2326 ;
1600 2272 1862 2319 instructam

483 2337 619 2382 aciem
640 2336 777 2383 hostis
794 2336 1016 2382 admovit:
1040 2341 1146 2383 tuus
1166 2335 1291 2381 miles
1314 2336 1459 2382 adhuc
1480 2336 1659 2381 inermis
1684 2351 1860 2397 exspec-

482 2405 548 2447 tat
568 2400 809 2461 imperium.
876 2399 969 2446 Ubi
985 2404 1052 2447 est
1072 2400 1199 2460 vigor
1219 2399 1296 2445 ille
1316 2400 1451 2445 animi
1473 2400 1581 2445 tui?
1613 2415 1771 2460 nempe
1787 2416 1861 2446 ex-

481 2465 617 2510 citare
648 2465 801 2523 vigiles
833 2462 975 2510 soles.’
1036 2463 1107 2508 Ad
1142 2464 1249 2509 haec
1281 2464 1569 2518 Alexander;
1606 2469 1616 2488 ‘
1637 2464 1861 2518 Credisne,

484 2543 550 2573 me
589 2529 706 2586 p‘rius
736 2543 948 2581 >somnum
984 2543 1139 2588 capere
1169 2527 1377 2587 potuisse,
1410 2543 1543 2587 quam
1573 2542 1856 2573 exonerarem

484 2592 677 2636 animum
709 2591 1017 2646 sollicitudine,
1062 2606 1173 2649 quae
1204 2592 1395 2649 quietem
1427 2591 1683 2638 morabatur
1704 2591 1740 2633 θ’
1772 2593 1857 2651 sig-

482 2669 674 2713 numque
698 2653 917 2717 [pugnae]
943 2656 1051 2701 tuba
1071 2655 1168 2700 dari
1182 2655 1332 2714 jussit.
1397 2655 1457 2702 Et
1480 2670 1615 2714 quum
1636 2655 1685 2699 in
1707 2656 1858 2700 eadem

479 2720 767 2765 admiratione
790 2718 1024 2764 Parmenio
1047 2725 1345 2779 perseveraret
1369 2718 1515 2781 [quod
1537 2732 1717 2764 securus
1740 2734 1855 2764 somn

475 2798 579 2827 num
610 2782 795 2842 cepisset
814 2779 849 2843 3]
897 2787 908 2808 ‘
927 2781 1139 2839 Minime,'
1172 2783 1332 2841 inquit,
1378 2788 1389 2808 ‘
1404 2783 1565 2828 mirum
1608 2787 1692 2828 est.
1758 2782 1856 2842 Ego

477 2847 607 2900 enim,
632 2861 767 2906 quum
799 2845 964 2892 Darius
995 2851 1134 2893 terras
1168 2855 1330 2903 ureret,
1361 2846 1480 2893 vicos
1513 2846 1746 2902 excideret,
1778 2847 1857 2892 ali-

481 2919 630 2956 menta
662 2915 973 2970 corrumperet,
1005 2916 1163 2971 potens
1194 2910 1279 2957 mei
1309 2925 1400 2957 non
1421 2925 1570 2957 eram:
1604 2924 1724 2956 nunc
1755 2925 1859 2956 vero

479 2974 587 3034 quid
618 2980 822 3030 metuam,
855 2988 990 3034 quum
1022 2975 1115 3021 acie
1145 2975 1381 3021 decernere
1411 2979 1539 3036 paret
1555 2973 1579 3020 Ρ
1662 2973 1856 3022 Hercule
