2192 3408
0 1417 16 1610 UWCV'*
0 1153 16 1365 μὶν-Ι

0 1919 9 1928 ·
0 1653 16 1874 νυνι-Ῥω

975 289 1173 339 LIBER
1206 289 1500 340 TERTIUS.
1881 294 1937 340 11

544 419 712 467 ederat.
779 417 1148 466 Monstrabantur
1162 417 1340 465 urbium
1362 419 1503 475 sedes,
1527 417 1741 487 Lyrnessi
1756 425 1804 468 et
1821 419 1938 470 The-

545 484 641 538 ben,
672 480 904 544 Typhonis
935 497 1113 543 quoque
1133 497 1289 542 specus
1322 487 1369 529 et
1401 482 1641 545 Corycium
1672 497 1830 531 nemus
1852 485 1940 532 ubi

543 560 722 594 crocum
753 546 971 606 gignitur,
1004 553 1238 606 ceteraque
1257 545 1305 591 in
1328 545 1490 606 quibus
1532 546 1646 593 nihil
1676 553 1855 609 praeter
1874 547 1939 595 fa—

547 623 664 655 mam
684 609 936 656 duraverat.
1000 608 1257 656 Alexander
1277 608 1428 655 fauces
1441 608 1545 669 jugi
1565 625 1678 670 quae
1701 610 1841 673 Pylae
1861 627 1939 674 ap-

546 672 773 734 pellantur
803 673 1005 720 intravit.
1069 672 1411 732 Contemplatus
1447 673 1647 719 locorum
1677 674 1804 732 situs,
1847 691 1941 724 non

544 736 655 783 alias
685 736 828 797 magis
858 737 1033 784 dicitur
1062 736 1305 783 admiratus
1347 750 1442 782 csse
1482 736 1737 785 felicitatem
1778 754 1939 795 suanm

546 800 676 846 obrui
704 800 900 862 potuisse
932 801 1002 847 vel
1033 801 1151 847 saxis
1181 800 1489 856 confitebatur,
1511 800 1550 845 si
1571 799 1759 850 fuissent
1784 801 1864 863 qui
1891 803 1939 850 in

544 864 789 912 subeuntes
819 865 1133 925 propellerent.
1230 863 1323 910 Iter
1354 863 1430 909 vix
1466 863 1707 925 quaternos
1736 866 1939 926 capiebat

545 933 737 975 armatos
761 944 772 975 ε
805 929 986 974 dorsum
1007 927 1172 974 montis
1192 927 1449 974 imminebat
1471 927 1583 982 viae,
1607 943 1700 974 non
1720 934 1938 990 angustae

544 991 680 1037 modo
709 992 790 1038 sed
831 993 1089 1052 plerumque
1121 998 1398 1051 praeruptae,
1432 991 1597 1037 crebris
1628 992 1938 1041 oberrantibus

540 1055 647 1100 rivis
667 1056 745 1117 qui
766 1071 823 1102 ex
835 1056 1057 1102 radicibus
1071 1055 1291 1100 montium
1313 1061 1511 1101 manant.
1579 1055 1772 1103 Thracas
1788 1062 1938 1115 tamen

544 1118 702 1165 leviter
732 1126 925 1166 armatos
966 1119 1230 1179 praecedere
1259 1117 1467 1177 jusserat
1486 1119 1761 1180 scrutarique
1792 1120 1938 1177 calles,

540 1197 600 1228 ne
631 1183 832 1230 occultus
867 1183 1007 1229 hostis
1038 1183 1086 1227 in
1119 1183 1360 1228 subeuntes
1391 1188 1670 1242 erumperet3
1704 1184 1937 1244 sagittario

539 1261 639 1291 rum
659 1261 838 1307 quoque
867 1262 1024 1292 manus
1045 1252 1338 1306 occupaverat
1352 1244 1517 1305 jugum
1540 1261 1551 1300 ;
1584 1245 1785 1293 intentos
1806 1263 1935 1295 arcus

541 1309 778 1365 habebant,
818 1310 988 1365 moniti,
1033 1325 1123 1355 non
1161 1310 1246 1356 iter
1287 1309 1406 1369 ipsos
1446 1310 1562 1355 inire
1594 1310 1674 1356 sed
1704 1312 1934 1371 praelium.

540 1373 644 1419 Hoc
664 1374 799 1420 modo
821 1389 979 1433 agmen
1002 1373 1204 1433 pervenit
1235 1373 1292 1418 ad
1323 1374 1479 1419 urbem
1513 1373 1699 1430 Tarson,
1733 1375 1805 1421 cui
1837 1382 1935 1423 tum

540 1437 728 1484 maxime
760 1438 921 1484 Persae
941 1437 1234 1497 subjiciebant
1255 1437 1418 1495 ignem,
1443 1452 1501 1482 ne
1523 1437 1784 1497 opulentum
1807 1440 1934 1501 oppi-

540 1500 647 1547 dum
668 1502 808 1548 hostis
829 1502 1071 1547 invaderet.
1138 1504 1203 1547 At
1218 1500 1306 1555 ille,
1333 1499 1626 1547 Parmenione
1647 1502 1706 1547 ad
1725 1502 1932 1549 inhiben—

537 1565 908 1611 dumincendium
928 1580 1030 1611 cum
1051 1565 1260 1624 expedita
1279 1579 1419 1610 manu⁴
1430 1564 1681 1624 praemisso,
1699 1572 1936 1627 postquam

538 1627 762 1674 Barbaros
779 1629 974 1675 adventu
996 1644 1176 1674 suorum
1208 1628 1385 1687 fugatos
1406 1643 1501 1674 esse
1522 1630 1746 1689 cognovit,
1779 1630 1934 1677 urbem

536 1707 564 1737 a.
584 1706 631 1737 se
650 1699 955 1739 conservatam
976 1692 1133 1738 intrat.

601 1755 682 1803 xl.
716 1757 761 1802 5.
797 1755 992 1802 Mediam
1026 1755 1212 1817 Cydnus
1255 1756 1411 1811 amnis,
1454 1756 1512 1802 de
1543 1771 1631 1816 quo
1662 1757 1796 1817 paulo
1828 1765 1934 1805 ante

534 1819 703 1866 dictum
726 1826 808 1876 est,
844 1819 1086 1873 interfluit3
1121 1824 1167 1865 et
1199 1825 1306 1865 tunc
1339 1826 1481 1866 aestas
1513 1826 1623 1876 erat,
1655 1820 1783 1881 cujus
1813 1821 1934 1868 calor

535 1898 626 1929 non
645 1884 777 1929 aliam
809 1884 950 1943 magis
971 1898 1103 1943 quam
1127 1883 1307 1929 Ciliciae
1324 1898 1447 1929 oram
1468 1899 1631 1943 vapore
1651 1885 1755 1931 solis
1775 1900 1932 1932 accen·-

532 1947 635 1993 dit:
679 1954 724 1994 et
756 1947 846 1992 diei
875 1947 1215 1993 fervidissimum
1245 1952 1420 2006 tempus
1452 1954 1670 2007 coeperat.
1738 1948 1930 1996 Pulvere

533 2025 586 2057 ao
621 2011 785 2056 sudore
816 2010 945 2056 simul
976 2010 1202 2070 perfusum
1234 2025 1386 2069 regem
1417 2011 1625 2058 invitavit
1654 2011 1802 2072 liquor
1842 2013 1927 2059 flu-

475 2121 477 2123 ,
532 2074 678 2129 minis,
700 2082 753 2122 ut
773 2074 965 2120 calidum
996 2074 1142 2119 adhuc
1172 2089 1330 2134 corpus
1347 2074 1565 2121 ablueret.
1629 2074 1788 2135 Itaque
1808 2081 1932 2129 veste

533 2137 735 2196 deposita
747 2138 795 2182 in
808 2144 1049 2198 conspectu
1071 2137 1272 2196 agminis,
1297 2138 1506 2183 decorum
1529 2153 1705 2198 quoque
1725 2139 1929 2187 futurum

532 2206 668 2256 ratus,
692 2202 729 2247 si
759 2202 1025 2247 ostendisset
1056 2202 1146 2246 suis
1179 2200 1263 2245 levi
1294 2216 1346 2246 ac
1376 2202 1564 2261 parabili
1584 2202 1708 2249 cultu
1730 2205 1928 2264 corporis

531 2280 579 2311 se
599 2280 694 2311 esse
715 2270 989 2320 contentum,
1014 2264 1244 2311 deseendit
1265 2264 1312 2309 in
1329 2265 1494 2310 flumen
1517 2281 1529 2319 ;
1563 2265 1725 2326 vixque
1745 2266 1928 2326 ingressi

531 2329 678 2376 subito
709 2330 893 2375 horrore
924 2335 1047 2375 artus
1089 2328 1235 2388 rigere
1265 2336 1509 2388 coeperunt
1531 2343 1543 2373 z
1586 2330 1727 2389 pallor
1759 2331 1926 2377 deinde.

530 2393 720 2439 suffusus
741 2398 823 2447 est,
857 2399 903 2440 et
922 2397 1066 2439 totum
1098 2393 1417 2451 propemodum
1432 2407 1606 2453 eorpus
1636 2393 1783 2440 vitalis
1803 2395 1925 2441 calor

522 2457 718 2517 reliquit.
786 2456 1041 2517 Exspiranti
1072 2456 1257 2501 similem
1290 2456 1482 2502 ministri
1514 2471 1649 2502 manu
1670 2457 1914 2518 excipiunt,

530 2536 613 2567 nec
644 2521 750 2568 satis
782 2526 1030 2580 compotem
1061 2520 1223 2565 mentis
1255 2520 1303 2564 in
1336 2519 1671 2565 tabernaculum
1704 2521 1924 2569 deferunt.

531 2585 696 2644 Ingens
733 2584 968 2631 solicitudo
1000 2590 1045 2630 et
1076 2598 1217 2643 paene
1242 2582 1335 2639 jam
1367 2584 1515 2629 luctus
1546 2584 1595 2628 in
1626 2585 1781 2631 castris
1812 2593 1924 2634 erat.

528 2648 707 2696 Flentes
726 2649 1040 2709 querebantur,
1074 2648 1122 2692 in
1145 2653 1271 2692 tanto
1302 2648 1472 2707 impetu
1504 2662 1725 2709 cursuque
1755 2663 1923 2706 rerum,

527 2713 671 2759 omnis
702 2712 861 2760 aetatis
891 2727 941 2758 ac
974 2711 1209 2756 memoriae
1237 2711 1525 2756 clarissimum
1555 2726 1721 2772 regem,
1753 2727 1848 2766 non
1875 2714 1926 2759 in

528 2777 622 2823 acie
638 2778 810 2831 saltem,
834 2791 927 2821 non
949 2776 1007 2821 ab
1023 2775 1154 2821 hoste
1176 2774 1412 2834 dejectum,
1436 2775 1517 2821 sed
1537 2775 1791 2823 abluentem
1812 2792 1928 2838 aqua

523 2855 699 2901 corpus,
736 2846 943 2900 ereptum
984 2854 1078 2885 esse
1110 2845 1157 2885 et
1198 2839 1481 2885 extinctum:
1523 2839 1690 2886 instare
1731 2839 1920 2887 Darium

525 2904 739 2952 victorem
760 2910 999 2964 antequam
1019 2903 1203 2950 vidisset
1225 2903 1397 2949 hostem
1421 2918 1432 2949 :
1468 2903 1553 2949 sibi
1584 2903 1761 2949 easdem
1781 2911 1923 2952 terras

524 2983 634 3028 quas
655 2970 846 3017 victores
860 2974 1171 3031 peragrassent
1186 2967 1450 3029 repetendas
1472 2983 1484 3015 ς
1521 2967 1681 3027 omnia,
1703 2974 1783 3016 aut
1803 2968 1922 3029 ipsos
