2200 3408
0 418 71 465 Jti-

0 481 76 536 ex(

0 554 81 593 itro

3 609 77 670 qui

0 679 83 721 tate

0 751 54 783 >as
68 753 81 789 ;

2 800 86 845 eri-

0 863 87 938 pati

0 944 8 973 ι
39 927 86 972 id

0 991 88 1036 Rex

0 1054 87 1099 ium

0 1117 88 1177 pri-
109 1171 148 1183 m

0 1195 66 1227 am
72 1206 88 1214 -

0 1260 88 1291 aes-

0 1308 89 1368 [uid

0 1451 14 1481 s
44 1436 91 1480 in

24 1513 91 1544 sa-

0 1570 95 1615 wat,

0 1626 96 1671 sisse

22 1704 96 1734 um

7 1753 94 1799 Sed

14 1830 98 1861 one

41 1880 97 1924 ad

18 1957 100 1988 nec

24 2021 99 2051 um

12 2084 97 2123 sse,

3 2153 4 2157 ¹
17 2148 94 2178 an-

3 2215 17 2251 ·‚
27 2212 98 2241 ua.

13 2260 98 2306 ito-

27 2338 99 2368 sus

29 2402 96 2431 ar-

15 2451 99 2497 iter

7 2514 100 2573 egis

13 2578 97 2637 cipi

28 2655 97 2687 em

8 2720 97 2750 non

7 2784 97 2822 ens,

23 2847 98 2877 vo-

7 2919 9 2937 ι
50 2911 99 2940 u-··

989 314 1187 362 LIBER
1224 312 1516 361 TERTIUS.
1887 318 1946 363 27

628 440 846 489 XXXIV.
882 442 1026 489 Multa
1056 441 1193 488 millia
1212 443 1405 490 virorum
1443 442 1793 503 feminarumque
1824 458 1949 489 exee-

563 507 745 553 dentem
779 506 942 568 oppido
964 507 1285 567 sequebantur:
1308 507 1510 553 omnibus
1526 506 1786 553 miserabilis
1807 508 1949 563 turba,

570 577 743 630 praeter
775 578 876 616 eum
907 569 1032 630 cujus
1062 570 1167 616 fidei
1198 570 1431 630 commissa
1458 570 1637 617 fuerat·
1671 570 1834 631 quippe
1864 584 1952 630 quo

568 632 708 693 major
750 633 988 695 proditoris
1030 648 1195 680 merces
1231 633 1359 690 foret,
1399 624 1590 694 objicere
1620 633 1737 680 hosti
1767 635 1949 694 parabat

570 698 809 756 gratiorem
840 697 961 743 omni
991 698 1179 758 pecunia
1208 698 1430 758 praedam,
1464 696 1635 743 nobiles
1665 697 1796 753 viros,
1829 712 1954 758 prae-

565 767 715 806 torum
738 760 866 807 Darii
897 761 1105 822 conjuges
1135 760 1414 821 liberosque:
1448 766 1623 820 praeter
1663 760 1743 806 hos
1775 761 1950 807 urbium

570 824 841 870 Graecarum
862 824 1046 884 legatos,
1063 839 1172 884 quos
1189 822 1363 881 Darius,
1387 823 1509 872 velut
1529 824 1578 869 in
1600 838 1699 870 arce
1718 824 1950 879 tutissima,

568 888 615 932 in
636 888 876 947 proditoris
896 889 1135 950 reliquerat
1167 887 1384 934 manibus.
1451 886 1684 949 &amabas
1701 886 1862 933 Persae
1874 902 1950 934 vo·-

567 957 674 998 eant
696 951 888 998 humeris
910 967 1046 998 onera
1065 957 1322 1012 portantes:
1356 951 1404 997 hi
1425 965 1560 1010 quum
1592 950 1732 1011 frigus
1764 951 1952 998 tolerare

568 1030 658 1060 non
682 1021 874 1076 possent,
902 1013 1083 1077 (quippe
1104 1025 1151 1062 et
1171 1015 1363 1076 procella
1384 1015 1531 1063 subito
1554 1015 1699 1060 nivem
1721 1014 1951 1068 effuderat,

566 1085 612 1125 et
635 1079 795 1125 humus
815 1079 990 1139 rigebat
1008 1077 1132 1140 gelu)
1166 1084 1264 1125 tum
1285 1079 1519 1125 adstrictas
1541 1085 1696 1133 vestes,
1721 1093 1831 1138 quas
1851 1094 1948 1124 cum

570 1142 758 1201 pecunia
788 1143 1040 1202 portabant,
1065 1157 1174 1188 auro
1206 1148 1254 1189 et
1282 1156 1477 1202 purpura
1506 1141 1702 1200 insignes
1723 1142 1916 1189 induunt
1941 1160 1950 1193 ;

570 1206 693 1251 nullo
714 1205 949 1265 prohibere
971 1221 1091 1261 ause,
1114 1219 1249 1265 quum
1269 1205 1450 1252 fortuna
1470 1205 1587 1265 regis
1608 1205 1737 1251 etiam
1762 1205 1952 1250 humilli-

569 1269 650 1314 mis
682 1269 729 1314 in
749 1270 893 1329 ipsum
925 1268 1152 1316 licentiam
1180 1268 1361 1315 faceret.
1428 1268 1676 1316 Praebuere
1707 1283 1816 1327 ergo
1848 1267 1955 1314 Par-

568 1333 764 1379 menioni
785 1347 877 1378 nou
899 1332 1138 1393 spernendi
1158 1332 1346 1392 agminis
1369 1332 1557 1393 speciem
1577 1348 1587 1377 :
1624 1332 1698 1391 qui
1720 1332 1959 1378 intentiore

566 1411 676 1441 cura
698 1412 799 1443 suos
820 1397 944 1457 quasi
966 1396 1025 1442 ad
1050 1397 1222 1456 justum
1253 1397 1466 1456 praelium
1498 1396 1648 1457 paucis
1680 1396 1956 1448 adhortatus,

569 1460 694 1519 equis
725 1460 911 1506 calcaria
941 1460 1130 1506 subdere
1150 1460 1298 1520 jubet,
1322 1466 1367 1506 et
1389 1460 1480 1506 acri
1508 1461 1677 1519 impetu
1706 1460 1755 1520 in
1787 1460 1956 1505 hostem

568 1524 732 1569 invehi.
798 1523 863 1570 At
882 1523 946 1569 issi
966 1524 1043 1583 qui
1065 1524 1147 1569 sub
1169 1524 1377 1569 oneribus
1399 1530 1539 1579 erant,
1574 1522 1744 1568 omissis
1766 1538 1843 1582 per
1865 1538 1954 1568 me—

569 1594 681 1642 tum,
699 1592 933 1647 capessunt
953 1588 1124 1646 fugam.
1190 1587 1377 1643 Armati,
1395 1587 1473 1647 qui
1488 1602 1564 1633 eos
1581 1587 1958 1646 prosequebantur

565 1650 728 1695 eodem
759 1656 882 1697 metu
913 1665 1034 1695 arma
1058 1650 1233 1710 jactare
1275 1665 1324 1695 ac
1367 1658 1476 1697 nota
1516 1650 1779 1696 diverticula
1810 1657 1959 1709 petere

570 1718 828 1772 coeperunt.
896 1713 1149 1760 Praefectus
1172 1714 1296 1774 quasi
1318 1720 1363 1760 et
1393 1715 1486 1774 ipse
1508 1715 1775 1761 conterritus
1802 1712 1955 1773 [simu—

569 1776 689 1838 lans]
716 1784 876 1823 cuncta
908 1793 1070 1837 pavore
1102 1777 1412 1837 compleverat.
1477 1777 1697 1823 Jacebant
1718 1777 1825 1823 totis
1846 1793 1960 1822 cani-

570 1842 636 1900 pis
660 1856 764 1900 opes
787 1841 966 1900 regiae:
1000 1841 1077 1886 illa
1098 1841 1284 1901 pecunia
1316 1842 1536 1902 stipendio
1568 1841 1740 1899 ingenti
1772 1840 1957 1887 militum

566 1911 842 1965 praeparata,
865 1904 940 1948 ille
962 1905 1107 1951 cultus
1124 1910 1190 1950 tot
1213 1905 1425 1949 nobilium
1448 1905 1656 1959 virorum,
1679 1910 1749 1951 tot
1780 1904 1960 1950 illustri-

569 1982 643 2011 um
677 1967 951 2021 feminarum,
976 1983 1109 2013 aurea
1141 1982 1259 2021 vasa,
1293 1969 1413 2013 aurei
1434 1967 1560 2024 freni,
1581 1967 1863 2014 tabernacula
1893 1983 1941 2013 re

570 2030 661 2090 gali
686 2031 1013 2090 magnificentia
1034 2036 1205 2084 ornata,
1239 2031 1440 2076 vehicula
1460 2044 1635 2091 quoqne
1656 2046 1682 2076 a
1703 2030 1793 2076 suis
1826 2031 1960 2077 desti-

572 2100 683 2148 tuta,
707 2094 902 2152 ingentis
922 2094 1175 2154 opulentiae
1197 2094 1326 2152 plena
1349 2110 1358 2139 :
1392 2095 1524 2141 facies
1547 2095 1679 2141 etiam
1709 2095 1961 2154 praedanti-

572 2159 652 2202 bus
675 2157 827 2211 tristis,
853 2158 888 2202 si
910 2171 997 2215 qua
1016 2173 1066 2202 rc
1087 2157 1272 2203 avaritia
1292 2164 1542 2204 moveretur
1560 2174 1570 2203 :
1607 2158 1770 2217 quippe
1792 2164 1859 2204 tot
1882 2174 1958 2203 an—

571 2235 730 2265 norum
751 2220 998 2281 incredibili
1030 2228 1076 2268 et
1096 2221 1230 2266 fidem
1261 2222 1502 2267 excedente
1531 2222 1710 2268 fortuna
1731 2222 1963 2273 cumulata,

571 2293 679 2330 tunc
713 2284 798 2329 alia
839 2284 1047 2343 stirpibus
1087 2286 1291 2340 lacerata,
1322 2284 1422 2340 alia,
1466 2286 1514 2331 in
1546 2300 1729 2330 coenum
1764 2285 1959 2330 demersa

572 2348 842 2394 eruebantur
866 2365 875 2393 :
910 2362 1000 2393 non
1024 2349 1297 2394 sufficiebant
1327 2349 1636 2408 praedantium
1659 2363 1815 2393 manus
1836 2364 1961 2407 prae·

547 2468 549 2470 Ι
576 2413 673 2457 dae.

638 2474 833 2520 XXXV.
864 2474 1054 2534 Jamque
1102 2475 1235 2533 etiam
1275 2476 1330 2520 ad
1368 2491 1443 2521 eos
1487 2476 1564 2536 qui
1596 2476 1725 2534 primi
1757 2476 1966 2535 fugerant

574 2545 756 2585 ventum
781 2544 889 2584 erat.
956 2538 1169 2585 Feminae
1200 2538 1433 2600 pleraeque
1464 2554 1623 2598 parvos
1654 2539 1880 2585 trahentes
1911 2541 1963 2585 li-

577 2604 704 2647 beros
734 2602 892 2648 ibant:
937 2602 1054 2649 inter
1085 2615 1193 2660 quas
1223 2609 1313 2649 tres
1343 2605 1467 2649 fuere
1495 2603 1700 2661 virgines,
1742 2602 1859 2648 Ochi
1890 2606 1961 2663 qui

573 2672 678 2712 ante
701 2666 890 2711 Darium
911 2672 1167 2724 regnaverat
1186 2664 1329 2720 filiae;
1363 2667 1469 2712 olim
1490 2666 1668 2725 quidem
1701 2682 1757 2712 ex
1788 2667 1964 2726 fastigio

570 2735 756 2788 paterno
804 2744 949 2774 rerum
995 2729 1241 2775 mutatione
1272 2729 1510 2786 detractae,
1552 2731 1630 2776 sed
1647 2737 1759 2788 ,tum
1803 2738 1963 2777 sortem

577 2807 726 2837 earum
751 2792 970 2838 crudelius
1003 2798 1278 2853 aggravante
1308 2794 1499 2841 fortuna.
1566 2793 1620 2839 In
1643 2794 1796 2839 eodem
1830 2809 1966 2854 grege

577 2870 689 2901 uxor
711 2872 887 2916 quoque
908 2856 1105 2916 ejusdem
1130 2856 1245 2903 Ochi
1266 2856 1363 2914 fuit,
1387 2857 1686 2916 Oxathrisque
1721 2856 1874 2918 (frater
1896 2859 1966 2902 liic

577 2926 673 2964 erat
697 2920 844 2981 Darii)
867 2921 970 2976 fllia,
988 2926 1034 2966 et
1067 2921 1232 2981 conjux
1253 2920 1468 2968 Artabazi
1487 2921 1697 2982 principis
1727 2930 1961 2981 purpurat—

575 2997 724 3039 orum,
745 2991 789 3030 et
805 2984 921 3031 filiun
942 2984 1015 3032 cui
1039 2984 1206 3031 Ilioneo
1220 2984 1305 3031 fuit
1325 2999 1500 3031 nomen.
1568 2984 1840 3030 Pharnabazi
1858 3001 1964 3044 quo·
