2200 3424
278 290 283 306 ⁸
378 305 440 352 28
504 305 735 362 QUINTI
758 304 985 354 cUR'rn
1006 304 1165 353 RUFI
1186 302 1382 353 Llnmt
1404 303 1700 352 TEss'rtth.

381 448 481 493 que,
497 434 568 481 cui
582 444 803 479 summum
824 430 1057 494 imperium
1075 431 1321 481 maritimae
1341 445 1446 480 orae
1465 447 1545 479 rex
1565 431 1762 485 dederat,

382 511 496 544 uxor
514 508 616 543 cum
635 495 727 542 filie
756 502 943 556 excepta
962 500 1044 543 est.
1110 495 1328 545 Mentoris
1346 494 1464 542 filice
1484 502 1589 553 tres,
1612 509 1663 543 ac
1685 508 1764 541 no-

380 558 578 607 bilissimi
610 558 736 606 ducis
767 558 1021 607 Memnonis
1051 558 1216 620 conjux
1235 564 1280 608 et
1297 559 1449 607 filius:
1482 558 1646 620 vixque
1676 557 1767 606 ulla

386 624 542 670 domus
556 623 791 684 purpurati
804 622 891 671 fuit
907 628 1060 672 tantae
1070 622 1394 684 cladiuexpcrs.
1427 621 1767 670 Lacedaemonii

384 700 555 745 quoque
576 691 624 734 et
643 686 953 743 Athenienses,
975 685 1198 734 societatis
1217 686 1305 734 fide
1324 687 1503 744 violata,
1525 684 1680 733 Perses
1702 700 1769 732 se-

385 750 503 804 cuti3
538 749 823 811 Aristogiton
854 749 1078 811 Dropides
1108 755 1156 798 et
1188 749 1444 811 Iphicrates,
1475 751 1595 798 inter
1626 749 1769 797 Athe·

379 814 554 859 nienses
574 827 739 874 genere
758 814 962 874 famaque
981 814 1116 874 longe
1131 813 1388 861 clarissimi:
1416 813 1767 868 Lacedaemonii,

386 875 635 937 Pausippus
655 883 702 924 et
732 876 1112 934 Onomastorides,
1134 891 1238 924 cum
1261 876 1461 924 Monimo
1482 883 1529 925 et
1561 876 1772 924 Callicra-

384 940 480 986 tide
502 956 512 986 z
546 940 579 986 ii
600 954 775 1001 quoque
795 941 919 988 domi
936 942 1124 988 nobiles.
1188 939 1372 988 Summa
1390 940 1604 1001 pecuniae
1624 941 1773 1001 signa-

385 1012 459 1050 tae
479 1003 576 1060 fuit,
599 1004 869 1053 talentorum
886 1005 976 1052 duo
998 1004 1134 1052 millia
1152 1010 1200 1052 et
1220 1011 1452 1060 sexcenta3
1475 1004 1582 1052 faeti
1603 1005 1777 1064 argenti

386 1067 558 1125 pondus
578 1068 819 1129 quingenta
839 1069 1069 1130 aequabat.
1136 1068 1384 1125 Praeterea,
1418 1067 1607 1129 triginta
1638 1066 1776 1114 millia

388 1131 627 1188 hominum,
643 1146 742 1179 cum
754 1138 932 1193 septem
950 1132 1143 1179 millibus
1157 1131 1463 1192 jumentorum
1485 1132 1618 1179 dorso
1638 1144 1775 1177 onera

390 1196 679 1253 portantium,
711 1201 838 1256 capta
872 1202 989 1243 sunt.
1054 1196 1261 1244 Ceterum
1294 1196 1357 1242 dii
1389 1201 1544 1244 tantae
1573 1196 1779 1242 fortunae

392 1258 662 1316 proditorem
675 1260 875 1306 celeriter
895 1260 1047 1308 debita
1065 1274 1211 1321 poena
1229 1260 1449 1320 persecuti
1469 1265 1591 1307 sunt.
1634 1257 1775 1305 Nam-

393 1335 612 1379 quemnus
635 1337 661 1369 e
675 1325 860 1371 consciis
880 1323 989 1384 ejus,
1013 1324 1159 1380 credo,
1183 1323 1299 1383 regis
1318 1324 1460 1370 vicem
1481 1323 1618 1371 etiam
1634 1322 1683 1368 in
1703 1321 1780 1367 illa

391 1395 512 1432 sorte
531 1387 757 1443 reveritus,
775 1388 1000 1436 interfecti
1024 1385 1306 1450 [proditoris]
1331 1395 1468 1448 caput
1499 1386 1569 1433 ad·
1590 1386 1779 1432 Darium

393 1449 510 1504 tulit,
535 1458 832 1514 opportunum
856 1452 1062 1499 solatium
1078 1451 1256 1512 prodito
1279 1466 1289 1497 :
1321 1451 1487 1512 quippe
1507 1458 1555 1498 et
1575 1450 1698 1496 ultus
1713 1450 1781 1494 in-

392 1512 573 1560 imicum
595 1520 706 1570 erat,
739 1524 785 1563 ct
805 1516 1004 1562 nondum
1036 1515 1084 1560 in
1105 1515 1302 1562 omnium
1336 1514 1494 1563 animis
1526 1513 1783 1562 memoriam

395 1576 638 1636 majestatis
659 1593 762 1625 suae
783 1579 1025 1627 exolevisse
1045 1579 1270 1626 cernebat.
