2208 3408
517 322 583 372 60
875 322 1103 380 QUINTI
1137 323 1360 373 CURTII
1395 321 1550 373 RUFI

518 452 553 497 si
579 464 798 511 accepero,
817 451 1025 499 victorem
1058 466 1157 498 eum
1180 450 1361 500 faciunt.
1431 452 1558 508 Quae
1579 457 1680 513 post
1702 450 1899 514 Euphra-

519 526 595 561 ten
637 520 756 570 sunt,
790 513 1031 562 liberaliter
1062 515 1229 562 donat.
1264 515 1340 562 ubi
1373 516 1510 576 igitur
1547 530 1617 562 me
1659 515 1896 563 affamini’

518 592 675 638 nempe
716 577 835 626 ultra
879 577 1139 639 Euphraten
1181 594 1293 625 sum.
1374 582 1603 626 Summum
1636 593 1743 640 ergo
1784 580 1899 627 dotis

515 655 646 701 quam
671 641 892 702 promittit
909 641 1146 689 terminum
1169 647 1314 689 castra
1334 657 1431 689 mea
1453 647 1699 689 transeunt.
1777 642 1897 689 Ilinc

517 719 588 751 me
608 704 828 765 depellite,
862 714 913 752 ut
935 705 1066 751 sciam
1094 715 1287 752 vestrum
1310 720 1416 762 esse,
1440 705 1559 765 quod
1581 705 1749 754 ceditis.
1812 706 1897 753 Ea-

513 768 614 814 dem
658 767 922 815 liberalitate
952 768 1030 816 dat
1062 767 1169 815 mihi
1199 768 1334 816 filiam
1372 782 1526 824 suam;
1559 784 1718 830 nempe
1760 784 1889 830 quam

513 832 605 878 scio
633 831 764 878 alicui
792 845 1018 879 servorum
1052 847 1233 878 suorum
1265 838 1536 893 nupturam:
1573 833 1759 880 multum
1794 849 1896 879 vero

512 895 621 942 mihi
641 900 850 956 praestat,
869 895 906 942 si
937 911 1008 942 me
1030 895 1212 942 Mazaeo
1235 910 1449 956 generum
1474 896 1745 957 praeponit?
1810 897 1890 951 lte,

512 959 721 1006 nunciate
753 958 849 1018 regi
892 966 1053 1014 vestro,
1088 965 1134 1006 ct
1178 973 1293 1020 quae
1322 958 1482 1014 amisit,
1527 965 1572 1006 et
1605 974 1719 1019 quae
1751 960 1895 1006 adhuc

511 1022 658 1079 habet,
702 1022 899 1082 praemia
919 1037 1012 1069 esse
1033 1022 1172 1069 belli:
1206 1023 1293 1069 hoc
1325 1028 1510 1083 regente
1541 1023 1774 1083 utriusque
1806 1034 1892 1071 ter-

512 1087 653 1133 minos
689 1085 833 1145 regni,
877 1085 924 1131 id
967 1101 1188 1146 quemque
1221 1086 1479 1133 habiturum
1522 1086 1642 1145 quod
1672 1086 1894 1147 proximae
2092 1070 2113 1150 ἔξ

509 1149 617 1196 lucis
660 1149 937 1208 assignatura
977 1150 1157 1197 fortuna
1198 1157 1283 1196 est.
1349 1149 1435 1213 [Et
1461 1148 1596 1195 moin
1626 1150 1778 1196 Asiam
1803 1164 1891 1196 non
2086 1168 2095 1185 -“

511 1214 695 1270 venisse,
720 1220 770 1259 ut
802 1213 860 1258 ab
881 1213 977 1259 aliis
1007 1212 1266 1274 acciperem,
1299 1215 1376 1259 sed
1399 1221 1451 1259 ut
1482 1213 1578 1260 aliis
1611 1212 1781 1259 darem.
1844 1214 1888 1260 Si
2087 1151 2110 1286 Ξ

509 1277 738 1330 secundus,
762 1276 797 1321 si
820 1291 911 1322 non
933 1291 1012 1337 par
1036 1277 1142 1322 mihi
1164 1278 1297 1324 vellet
1317 1276 1482 1332 haberi,
1499 1278 1684 1323 facerem
1709 1276 1889 1326 forsitan

512 1355 623 1401 quae
643 1339 769 1401 petit,
794 1345 987 1386 ceterum
1011 1355 1095 1387 nec
1127 1341 1319 1387 mundus
1350 1340 1522 1387 duobus
1553 1340 1718 1386 solibus
1750 1349 1893 1401 potest

506 1404 617 1464 regi,
639 1418 721 1449 nec
743 1403 833 1449 duo
854 1418 1026 1450 summa
1058 1419 1196 1463 regna
1217 1404 1337 1450 salvo
1359 1399 1478 1451 statu
1510 1410 1726 1451 tertarum
1749 1413 1892 1464 potest

506 1468 683 1514 habere.
750 1466 944 1514 Proinde
975 1473 1053 1514 aut
1084 1467 1354 1515 deditionem
1379 1461 1532 1523 hodie,
1567 1473 1645 1514 aut
1666 1468 1712 1513 in
1734 1470 1885 1516 crasti
2079 1471 2103 1526 ’ᾗ

507 1547 610 1578 num
637 1530 796 1576 bellum
830 1538 982 1592 paret:
1018 1547 1101 1577 nec
1133 1531 1261 1578 aliam
1287 1530 1381 1587 sibi,
1414 1544 1543 1589 quam
1577 1534 1786 1591 cirpertus
1807 1540 1886 1586 est,

505 1595 763 1656 polliceatur
784 1594 1060 1657 fortunaml]
1127 1595 1288 1655 Legati
1309 1595 1610 1655 respondent·
1600 1629 1611 1649 ,
1647 1609 1778 1655 quum
1799 1596 1890 1641 bel—

503 1661 594 1705 lum
617 1659 664 1704 in
685 1659 833 1704 animo
855 1659 925 1714 sit,
950 1658 1093 1709 facere
1114 1672 1212 1703 eum
1237 1657 1507 1718 simpliciter,
1534 1658 1653 1715 quod
1675 1673 1751 1718 spe
1772 1660 1889 1717 pacis

505 1738 596 1769 non
617 1721 926 1769 frustraretur:
961 1723 1079 1783 ipsos
1111 1729 1274 1782 petere,
1308 1721 1629 1780 quamprimum
1665 1722 1892 1769 dimittan—

505 1795 578 1833 tur
599 1786 655 1832 ad
676 1800 824 1845 regem
845 1802 855 1831 :
891 1800 991 1832 eum
1012 1800 1184 1844 quoque
1204 1785 1366 1832 bellum
1391 1799 1545 1845 parare
1566 1786 1743 1831 debere.
1809 1786 1891 1830 Di-

505 1850 624 1896 missi
646 1849 860 1895 nunciant
881 1850 1032 1895 adesse
1054 1856 1295 1895 certamen.

569 1912 738 1959 XLVI.
782 1913 857 1958 12.
907 1913 984 1958 Ille
1025 1913 1202 1972 quidem
1246 1910 1473 1958 confestim
1521 1911 1747 1957 Mazaeum
1792 1927 1889 1958 cum

504 1978 646 2026 tribus
670 1976 861 2022 millibus
882 1976 1078 2036 equitum
1101 1976 1158 2022 ad
1179 1976 1351 2031 itinera,
1374 1989 1486 2034 quae
1506 1974 1646 2022 hostis
1674 1975 1890 2035 petiturus

505 2048 613 2097 erat,
646 2040 903 2101 occupanda
933 2039 1176 2100 praemisit.
1242 2038 1512 2093 Alexander,
1536 2039 1710 2099 corpori
1743 2040 1890 2086 uxoris

506 2106 599 2166 qius
624 2105 757 2164 justis
787 2103 1036 2163 persolutis,
1071 2104 1281 2163 omnique
1301 2101 1502 2163 graviore
1523 2103 1737 2151 comitatu
1767 2104 1884 2150 intra

505 2169 659 2215 eadem
696 2167 967 2214 munimenta
1009 2181 1109 2213 cum
1156 2166 1328 2213 modico
1369 2166 1589 2227 praesidio
1630 2166 1797 2222 relicto,
1831 2170 1887 2213 ad

508 2234 677 2279 hostem
697 2232 943 2278 contendit.
1009 2230 1061 2276 In
1086 2231 1175 2276 duo
1197 2245 1362 2276 cornua
1383 2229 1592 2277 diviserat
1613 2230 1820 2290 peditem,
1842 2231 1888 2277 in

509 2304 745 2355 utrumque
797 2295 914 2341 latus
952 2295 1101 2354 equite
1141 2294 1442 2340 circumdatO.
1474 2294 1791 2369 impedimenta
1821 2310 1888 2341 se·
2064 2324 2089 2362 3

506 2361 755 2420 quebantur
776 2373 952 2418 agmen.
1021 2358 1310 2403 Praemissum
1345 2356 1507 2402 deinde
1543 2357 1731 2403 concitis
1762 2359 1884 2417 equis

510 2424 722 2469 Menidan
746 2422 879 2481 jubet
920 2422 1162 2483 explorwue,
1198 2422 1272 2466 ubi
1315 2419 1479 2466 Darius
1511 2428 1641 2467 esset.
1705 2421 1769 2467 At
1800 2423 1886 2477 ille,

510 2502 642 2545 quum
667 2487 872 2532 Mazaeus
893 2486 1013 2531 haud
1034 2486 1190 2546 procul
1210 2484 1493 2538 consedisset,
1517 2500 1609 2531 non
1630 2499 1757 2531 ausus
1774 2486 1887 2533 ultra

510 2551 759 2610 procedere,
782 2551 894 2596 nihil
926 2550 1046 2595 aliud
1067 2563 1196 2608 quam
1228 2549 1451 2596 fremitum
1483 2549 1711 2594 hominum
1745 2549 1888 2596 hinni·

511 2622 689 2673 tumque
709 2628 918 2672 equorum
940 2615 1169 2660 exaudisse
1191 2612 1384 2660 nunciat.
1465 2612 1669 2659 Mazaeus
1701 2628 1885 2673 quoquc,

511 2677 756 2739 conspectis
797 2678 950 2738 procul
991 2677 1355 2738 exploratoribus,
1388 2678 1437 2723 in
1466 2683 1610 2723 castra
1641 2692 1687 2722 se
1717 2678 1890 2738 recipit,

510 2742 728 2790 adventus
759 2741 948 2788 hostium
981 2742 1182 2787 nuncius.
1250 2741 1391 2799 Igitur
1413 2741 1590 2796 Darius,
1626 2741 1700 2799 qui
1732 2740 1777 2785 in
1809 2757 1884 2801 pa·
2059 2776 2079 2796 Ψ

510 2806 706 2855 tentibus
749 2807 914 2865 campis
970 2806 1208 2851 decernere
1249 2807 1443 2866 optabat,
1487 2805 1647 2850 armari
1701 2804 1885 2852 militem
2052 2811 2079 2887 {i

502 2872 643 2931 jubet,
690 2869 915 2928 aciemque
950 2868 1159 2930 disponit.
1227 2867 1281 2915 In
1312 2869 1439 2916 laevo
1480 2882 1617 2913 cornu
1661 2868 1883 2915 Bactriani

504 2937 632 2981 >ibant
668 2934 849 2992 equites,
890 2933 1008 2979 mille
1045 2932 1317 2987 admodum;
1364 2932 1521 2979 Dahae
1573 2932 1794 2979 totidem:
1839 2942 1886 2979 et

507 2998 735 3045 Arachosii
769 2997 967 3057 Susiique
1011 3002 1202 3056 quatuor
1246 2997 1381 3044 millia
1438 2996 1688 3056 explebant.
1784 2997 1883 3043 Hos

2088 1533 2093 1542 ⁷
2083 1405 2104 1475 'vatam‘
2085 1362 2108 1402 ξι
2095 1341 2107 1357 ,(-
2096 1325 2098 1327 v
2092 1289 2106 1318 {⁴⁸2
2088 1267 2098 1284 *⁶

2068 2543 2074 2546 '
2074 2512 2084 2526 ¹·=
2057 2359 2088 2505 ‘fifiaffssgff‘t'f
2077 2285 2089 2312 :2³2
2079 2270 2089 2278 9
2071 2242 2083 2256 2²
