2192 3392
363 253 391 299 8
717 251 944 312 QUINTI
976 251 1200 301 cunm
1232 253 1388 302 RUFI

361 379 480 441 ignis
498 381 669 442 fulgore
683 381 899 427 collucere
917 380 959 426 ei
979 380 1073 444 visa
1091 386 1221 428 sunt.
1246 385 1293 427 et
1312 380 1444 441 paulo
1472 386 1574 442 post
1604 381 1737 428 Alex-

362 443 502 491 ender
517 444 677 492 adduci
696 443 789 490 ad
775 458 916 505 ipsum
938 442 986 488 in
1006 437 1060 489 eo
1080 444 1214 492 vestis
1234 443 1390 490 habitu
1410 458 1500 504 quo
1519 443 1611 506 ipse
1630 443 1738 490 fuis-

361 513 457 555 set:
491 522 619 570 equo
617 506 786 553 deinde
805 521 882 567 per
900 505 1172 567 Babylonem
1203 513 1366 562 vectus,
1389 506 1537 553 subito
1555 522 1655 554 cum
1669 507 1735 569 ip-

366 585 418 618 so
437 585 553 631 equo
573 569 711 617 oculis
731 585 827 617 esse
840 569 1099 616 subductus.
1161 570 1240 616 Ad
1259 570 1368 617 haec
1388 575 1511 618 vates
1531 571 1651 617 varia
1669 571 1738 617 in-

363 634 679 696 tei-pretatione
709 648 859 681 curam
889 633 1238 688 distrinxerant3
1271 634 1347 680 alii
1376 633 1539 681 laetum
1571 634 1618 679 id
1647 635 1741 696 regi

365 697 584 744 somnium
616 712 709 744 esse
730 697 949 752 dicebant,
981 696 1102 757 quod
1131 702 1275 743 castra
1294 696 1486 744 hostium
1518 697 1738 753 arsissent,

363 760 485 821 quod
506 761 826 816 Alexandrum,
858 760 1058 821 deposita
1088 760 1211 820 regia
1240 765 1376 817 veste,
1408 761 1456 806 in
1488 760 1664 807 Persico
1695 767 1740 808 et

363 823 537 884 vulgari
558 824 714 871 habitu
734 824 1000 886 perductum
1022 838 1116 869 esse
1136 822 1336 870 vidisset.
1384 823 1578 880 Quidam
1594 831 1748 871 contra

363 888 697 948 augurabantur
718 904 729 934 :
764 887 925 948 quippe
945 887 1133 933 illustria
1153 886 1449 933 Macedonum
1468 895 1613 935 castra
1634 888 1738 944 visa,

364 951 581 1012 fulgorem
612 951 868 998 Alexandro
897 951 1194 1012 portendere;
1227 964 1360 1011 quem
1390 966 1578 1011 regnum
1607 951 1741 999 Asiae

363 1021 679 1076 occupaturum
699 1030 807 1070 esse,
839 1014 959 1061 haud
990 1014 1237 1074 ambigere;
1270 1013 1476 1074 quoniam
1506 1014 1556 1059 in
1586 1015 1740 1061 eodem

364 1078 518 1125 habitu
530 1078 694 1124 Darius
707 1078 872 1134 fuisset,
895 1093 1030 1138 quum
1046 1078 1291 1138 appellatus
1311 1084 1425 1124 esset
1445 1092 1538 1124 rex.
1603 1077 1738 1124 Vete-

364 1158 414 1188 ra
433 1156 610 1202 quoque
630 1141 790 1197 omina,
805 1147 858 1188 ut
876 1143 942 1197 fit,
965 1140 1200 1188 solicitudo
1220 1147 1529 1188 revocaverat:
1553 1141 1740 1188 Darium

358 1206 482 1251 -enim
523 1206 571 1251 in
607 1205 823 1266 principio
853 1204 1025 1265 imperii
1054 1204 1259 1265 vaginam
1300 1204 1489 1251 acinacis
1522 1204 1740 1252 Persicam

358 1268 541 1328 jussisse
572 1270 731 1316 mutari
751 1270 800 1314 in
820 1283 915 1315 eam
935 1269 1118 1314 sormam
1150 1283 1239 1328 qua
1276 1268 1438 1314 Graeci
1471 1274 1737 1322 uterentur;

364 1332 651 1393 protinusque
683 1331 926 1379 Chaldaeos
955 1332 1283 1392 interpretatos,
1325 1332 1558 1392 imperium
1587 1331 1740 1378 Persa·-

363 1411 462 1442 rum
491 1396 550 1442 ad
581 1410 656 1442 eos
684 1395 972 1443 transiturum
1004 1410 1192 1455 quorum
1233 1410 1355 1441 arma
1384 1402 1498 1442 esset
1528 1395 1738 1443 imitatus.

367 1460 576 1507 Ceterum
596 1459 701 1520 ipse,
724 1466 770 1507 et
790 1466 940 1506 vatum
961 1473 1170 1519 responso
1200 1459 1322 1519 quod
1342 1459 1557 1506 edebatur
1576 1458 1623 1504 in
1644 1460 1739 1504 vul.-

366 1538 461 1583 gus‚
485 1530 532 1570 et
562 1523 703 1583 specie
723 1538 837 1584 quae
867 1538 944 1584 per
975 1537 1176 1569 somnum
1196 1522 1346 1569 oblata
1365 1529 1473 1580 erat,
1505 1521 1741 1569 admodum

365 1587 521 1642 laetus,
540 1592 684 1634 castra
703 1588 762 1634 ad
783 1586 1043 1647 Euphraten
1063 1586 1229 1632 moveri
1242 1585 1387 1646 jubet.

350 1688 358 1698 ,
432 1649 538 1696 VII.
573 1650 724 1697 Patrio
754 1665 876 1697 more
908 1650 1140 1696 Persarum
1171 1649 1385 1697 traditum
1406 1655 1486 1706 est,
1519 1655 1621 1696 orto
1651 1650 1741 1696 sole

367 1714 546 1760 demum
566 1714 820 1774 procedere.
884 1713 972 1760 Die
985 1712 1081 1773 jam
1100 1712 1276 1768 illustri,
1300 1713 1475 1773 signum
1496 1728 1522 1758 e
1540 1714 1742 1760 taberna-

366 1778 467 1824 culo
488 1777 631 1837 Regis
650 1778 837 1825 buccina
856 1777 1060 1824 dabatur.
1099 1777 1241 1837 Super
1261 1776 1604 1832 tabernaculum,
1626 1777 1746 1823 unde

366 1842 423 1887 ab
444 1841 648 1887 omnibus
665 1841 857 1890 conspici
876 1846 1036 1902 posset,
1056 1840 1202 1900 imago
1224 1840 1337 1886 Solis
1358 1840 1564 1901 crystallo
1579 1841 1745 1887 inclusa

366 1904 580 1964 fulgebat.
647 1904 773 1951 Ordo
804 1910 950 1951 autem
971 1903 1152 1963 agminis
1174 1909 1270 1950 erat
1290 1904 1408 1951 talis.
1473 1903 1596 1963 Ignis
1617 1920 1746 1964 quem

364 1968 450 2028 ipsi
478 1983 648 2014 sacrum
677 1974 723 2015 et
753 1973 971 2014 aeternum
1005 1968 1234 2022 vocabant,
1279 1968 1500 2027 argenteis
1536 1967 1745 2014 altaribus

368 2031 709 2091 praeferebatur.
752 2031 877 2091 Magi
897 2031 1086 2093 proximi
1105 2031 1297 2091 patrium
1317 2045 1493 2077 carmen
1513 2032 1742 2078 canebant.

367 2094 527 2155 Magos
547 2096 734 2142 trecenti
754 2101 802 2141 et
822 2095 1051 2155 sexaginta
1070 2094 1265 2155 quinque
1287 2094 1474 2154 juvenes
1503 2095 1745 2154 sequeban-

371 2167 456 2215 tur,
502 2158 699 2219 puniceis
729 2159 924 2205 amiculis
954 2157 1102 2214 velati,
1135 2158 1291 2205 diebus
1320 2158 1458 2205 totius
1488 2158 1594 2204 anni
1623 2173 1748 2219 pares

371 2237 554 2269 numero
576 2239 588 2276 ;
622 2222 784 2283 quippe
806 2221 950 2268 Persis
964 2236 1140 2282 quoque
1160 2222 1209 2267 in
1229 2221 1414 2269 totidem
1436 2222 1532 2267 dies
1551 2221 1742 2283 descrip-²

370 2291 442 2332 tus
473 2291 543 2333 est
562 2300 720 2332 annus.
786 2283 980 2332 Currum
1000 2285 1162 2331 deinde
1174 2285 1207 2332 J
1209 2286 1280 2331 ovi
1300 2291 1518 2333 sacratum
1550 2285 1746 2333 albentes

372 2349 590 2397 vehebant
610 2349 712 2409 equi
733 2366 747 2404 ;
779 2349 861 2395 hos
881 2349 1066 2396 eximiae
1091 2348 1410 2410 magnitudinis
1439 2363 1592 2409 equus,
1614 2365 1743 2409 quem

370 2412 485 2460 Solis
515 2413 777 2474 apellabant,
821 2413 1113 2474 sequebatur;
1167 2428 1326 2460 aureae
1358 2412 1509 2473 virgae
1541 2419 1587 2459 et
1618 2413 1742 2459 albae

368 2482 510 2523 vestes
529 2482 732 2535 regentes
752 2492 888 2537 equos
918 2474 1222 2524 adornabant.⁸
1271 2476 1409 2523 Haud
1438 2476 1594 2538 procul
1622 2484 1750 2524 erant

368 2540 569 2586 vehicula
589 2540 751 2597 decem,
775 2541 915 2588 multo
934 2556 1045 2587 auro
1060 2549 1334 2601 argentoque
1354 2540 1539 2588 caelata.
1583 2541 1746 2601 Seque-

370 2604 502 2651 batur
521 2604 631 2650 haec
661 2605 882 2664 equitatus
910 2604 1143 2651 duodecim
1162 2605 1365 2665 gentium
1392 2604 1522 2650 variis
1542 2604 1672 2651 armis
1702 2610 1749 2651 et

370 2666 583 2714 moribus.
626 2667 820 2713 Proximi
840 2668 963 2716 ibant
984 2684 1094 2729 quos
1113 2667 1271 2715 Pei-sae
1290 2667 1553 2716 immortales
1572 2674 1745 2724 vocant,

370 2731 429 2777 ad
459 2731 612 2777 decem
631 2730 799 2786 millia3
832 2732 976 2779 cultus
1007 2732 1258 2792 opulentiae
1286 2732 1500 2779 barbarae
1530 2746 1621 2778 non
1641 2732 1748 2778 ali‘os

372 2794 514 2854 magis
542 2794 806 2842 honestabat
827 2810 839 2849 3
871 2795 936 2841 illi
967 2810 1122 2842 aureos
1142 2802 1337 2857 torques,
1359 2795 1424 2841 illi
1442 2801 1609 2842 vestem
1640 2811 1753 2842 auro,

373 2857 628 2906 distinctam
658 2858 896 2915 habebant,
925 2859 1251 2921 manicatasque
1269 2859 1442 2909 tunicas
1462 2860 1647 2920 gemmis
1668 2859 1750 2906 eti-

372 2936 443 2969 am
466 2921 716 2971 adornatas.
784 2921 959 2985 Exiguo
975 2923 1220 2984 intervallo,
1237 2938 1347 2985 quos
1364 2922 1589 2984 Cognatos
1611 2921 1750 2985 Regis
