2208 3424
0 477 108 538 ajec-

0 542 109 588 riote

0 621 17 651 a
50 611 109 659 te,

0 689 6 714 ι
37 668 109 713 hie

28 732 110 778 tibi

0 812 24 851 ›,
59 804 104 840 et

31 857 113 903 Ille

0 930 111 968 caste

0 986 114 1032 facta

0 1081 6 1102 ‚
38 1049 116 1094 diu

0 1135 3 1150 ›
42 1127 117 1158 ore

0 1176 115 1233 nquit,

0 1255 10 1285 ³
25 1239 117 1298 jam

0 1319 14 1348 1
38 1303 120 1348 iste

0 1448 7 1475 ι
41 1445 116 1490 pe-

0 1509 115 1539 tmen

0 1557 121 1602 aendas

0 1620 122 1666 &lex-

0 1684 124 1729 uibus

31 1747 123 1807 jam

21 1826 124 1856 con-

4 1889 128 1933 isque

14 1938 124 1983 nsit:

6 2016 124 2047 ecus

12 2066 130 2112 tinae

9 2129 131 2174 ualis

23 2207 131 2237 uxo-

29 2271 55 2301 a
85 2263 132 2302 te

12 2342 13 2356 π
40 2326 131 2365 tam

16 2384 132 2430 inter

32 2448 134 2492 abat

16 2510 136 2570 quid

22 2574 137 2619 filiae

20 2638 133 2690 'bes,

19 2701 133 2747 ·ines

33 2828 141 2873 nimi

53 2905 139 2950 quo

30 2970 142 3014 eres,

26 3039 35 3060 ι
46 3025 142 3067 tum

953 344 1148 394 LIBER
1184 343 1504 403 QUARTUS.
1863 344 1920 393 59

545 480 668 536 petas
691 474 702 521 l
738 473 1028 535 periculosum
1052 481 1118 521 est
1139 474 1413 534 praegrande
1441 471 1675 534 imperium
1702 487 1712 518 ε
1748 471 1924 518 difficile

548 545 613 586 est
645 538 889 594 continere,
923 538 1041 597 quod
1085 552 1238 597 capere
1275 552 1365 584 non
1408 536 1562 596 possis.
1633 534 1838 591 Videsne,
1876 543 1925 580 ut

550 601 738 660 navigia,
761 615 872 660 quae
890 601 1066 647 modum
1089 601 1323 655 excedunt,
1341 600 1436 659 regi
1458 604 1678 659 nequeant
1693 599 1717 645 P
1750 598 1925 651 Nescio,

550 679 606 710 an
638 664 802 710 Darius
834 664 935 709 ideo
965 670 1056 710 tam
1090 665 1227 710 multa
1260 663 1470 719 amiserit,
1503 663 1605 722 quia
1636 662 1796 709 nimiae
1827 677 1929 722 opes

552 742 738 788 magnae
752 727 948 786 jacturae
977 727 1120 773 locum
1152 728 1330 774 faciunt.
1397 726 1585 773 Facilius
1617 731 1685 772 est
1715 725 1926 784 quaedam

552 793 738 845 vincere,
781 805 908 849 quam
941 791 1090 838 tueri:
1124 805 1251 850 quam
1282 790 1457 836 hercule
1489 788 1742 850 expeditius
1775 803 1929 835 manus

553 861 728 901 nostrae
760 854 947 914 rapiunt,
981 869 1110 913 quam
1157 853 1422 900 continent!
1500 853 1602 913 Ipsa
1632 866 1750 897 mors
1782 854 1930 898 uxoris

554 918 678 963 Darii
702 924 746 963 te
767 918 1005 963 admonere
1026 923 1186 978 potest,
1208 917 1352 963 minus
1367 916 1459 977 jam
1483 915 1809 962 misericordiae
1830 922 1931 962 tuae=

551 981 693 1034 licere,
720 995 845 1038 quam
868 981 1022 1027 licuit?

614 1044 784 1089 XLIV.
870 1044 1138 1098 Alexander,
1187 1045 1344 1103 legatis
1391 1044 1607 1089 excedere
1649 1043 1930 1089 tabernaculo

546 1107 692 1164 jussis,
718 1108 822 1165 quid
852 1108 1045 1167 placeret
1076 1107 1133 1154 acl
1174 1107 1406 1153 concilium
1450 1106 1596 1154 refert.
1680 1106 1773 1152 Diu
1806 1122 1934 1153 nemo

553 1171 658 1229 quid
680 1172 863 1217 sentiret
885 1185 1012 1216 ausus
1034 1179 1101 1218 est
1133 1171 1290 1225 dicere,
1324 1171 1493 1216 incerta
1523 1171 1641 1229 regis
1672 1169 1930 1224 voluntate;

553 1235 733 1279 tandem
758 1234 1002 1290 Parmenio,
1038 1241 1141 1281 ante
1173 1234 1368 1288 suasisse,
1402 1234 1477 1288 ait,
1511 1238 1561 1280 ut
1593 1233 1789 1293 captivos
1821 1235 1934 1293 apud

557 1298 820 1342 Damascum
844 1298 1160 1343 redimentibus
1181 1297 1416 1350 redderet;
1461 1298 1685 1355 ingentem
1709 1297 1936 1356 pecuniam

556 1361 750 1420 potuisse
770 1361 912 1419 redigi
935 1375 990 1405 ex
1011 1361 1076 1417 iis,
1101 1361 1174 1420 qui
1206 1360 1334 1406 multi
1365 1360 1500 1406 vincti
1532 1360 1726 1405 virorum
1761 1360 1937 1406 fortium

557 1432 821 1483 occuparent
862 1439 1051 1470 manus:
1102 1425 1162 1470 Et
1203 1439 1321 1469 nunc
1366 1438 1635 1483 magnopere
1667 1438 1857 1478 censere,
1891 1432 1937 1470 ut

559 1503 688 1532 unam
715 1501 860 1542 anum,
886 1494 931 1534 et
953 1488 1060 1533 duas
1082 1488 1259 1548 puellas,
1284 1487 1490 1533 itinerum
1525 1487 1839 1546 agminumque
1860 1488 1938 1532 im-

559 1552 821 1609 pedimenta,
860 1551 1046 1609 triginta
1088 1551 1279 1596 millibus
1321 1550 1500 1596 talentis
1544 1550 1641 1595 auri
1682 1558 1936 1610 permutet:

560 1615 768 1674 Opimum
790 1629 973 1673 regnum
998 1615 1200 1673 occupari
1221 1629 1347 1674 posse
1369 1613 1640 1668 conditione,
1663 1628 1755 1658 non
1788 1614 1903 1658 bello
1928 1633 1936 1660 ε

558 1692 638 1722 nec
659 1691 917 1735 quemquam
940 1677 1072 1722 alium
1106 1679 1222 1723 inter
1244 1677 1404 1722 Istrum
1437 1683 1482 1722 et
1506 1676 1762 1736 Euphraten
1796 1693 1939 1736 posse--

559 1740 672 1785 ‹lisse
689 1748 826 1786 terras
848 1741 1021 1799 ingenti
1037 1741 1179 1800 spatio
1200 1740 1515 1798 intervalloque
1531 1740 1741 1786 discretas
1761 1756 1770 1786 :
1798 1741 1941 1786 Mace-

560 1804 736 1848 doniam
759 1818 929 1862 quoque
950 1804 1185 1864 respiceret
1215 1804 1377 1864 potius,
1402 1818 1530 1862 quam
1556 1804 1719 1850 Bactra
1740 1811 1784 1850 ct
1810 1804 1941 1851 Indos

562 1869 817 1913 intueretur.
886 1868 1068 1925 Ingrata
1090 1867 1229 1913 oratio
1250 1869 1345 1926 regi
1377 1867 1474 1913 fuit.
1542 1866 1697 1925 Itaque
1730 1875 1777 1913 ut
1809 1869 1938 1913 finem

560 1931 734 1975 dicendi
755 1930 858 1977 fecit
881 1944 891 1975 :
928 1938 938 1956 ‘
959 1931 1018 1977 Et
1039 1930 1152 1989 ego,'
1213 1931 1370 1988 inquit,
1406 1935 1418 1956 ‘
1436 1931 1664 1990 pecuniam
1697 1945 1823 1989 quam
1846 1933 1938 1990 glo-

560 1994 666 2038 riam
710 1994 897 2048 mallem,
940 1994 973 2039 si
1013 1994 1245 2039 Parmenio
1277 2008 1428 2039 essem.
1498 1993 1653 2054 [Nune
1686 1995 1941 2041 Alexander

559 2057 614 2100 «le
655 2064 914 2115 paupertate
946 2072 1120 2102 securus
1153 2071 1276 2102 sum:
1326 2062 1372 2102 et
1419 2072 1489 2102 me
1532 2072 1623 2102 non
1657 2065 1937 2104 mercatorem

564 2120 741 2164 memini
764 2135 868 2173 esse,
891 2122 969 2165 red
991 2121 1181 2183 regem]
1248 2120 1366 2165 Nihil
1393 2120 1567 2177 quidem
1590 2121 1731 2166 habeo
1754 2124 1906 2167 venale
1929 2141 1938 2168 ;

562 2184 636 2226 sed
679 2184 898 2228 fortunam
947 2199 1085 2228 meam
1120 2184 1270 2241 utique
1303 2199 1391 2229 non
1425 2185 1585 2229 vendo.
1666 2184 1874 2243 Captivos
1905 2189 1938 2231 si

567 2247 706 2304 placet
754 2248 893 2302 reddi,
928 2248 1153 2294 honestius
1200 2249 1318 2293 dono
1367 2247 1582 2303 dabimus,
1628 2262 1754 2305 quam
1801 2251 1940 2308 pretio

563 2309 866 2355 remittemus?

625 2373 769 2417 XLV.
818 2374 1086 2420 Introductis
1131 2374 1292 2419 deinde
1333 2374 1491 2433 legatis
1524 2374 1579 2418 ad
1612 2373 1728 2419 hunc
1763 2376 1938 2420 modum

562 2436 815 2495 respondit:
866 2438 1088 2484 Nunciate
1143 2438 1294 2491 Dario,
1341 2453 1423 2491 me,
1470 2452 1581 2496 quae
1632 2438 1807 2483 fecerim
1853 2440 1937 2484 cle-

567 2506 734 2545 menter
768 2507 811 2546 et
842 2501 1091 2555 liberaliter,
1116 2516 1205 2545 non
1238 2501 1457 2546 amicitiae
1489 2501 1580 2559 ejus
1612 2501 1831 2557 tribuisse,
1867 2505 1941 2548 sed

564 2573 745 2608 naturae
789 2580 941 2610 meae:
991 2565 1162 2609 Bellum
1205 2579 1302 2609 cum
1348 2565 1530 2624 captivis
1573 2569 1619 2610 et
1661 2564 1834 2611 feminis
1866 2582 1938 2625 ge-

561 2642 655 2671 rere
696 2642 785 2672 non
828 2629 980 2673 soleo:
1015 2634 1206 2674 armatus
1250 2628 1306 2673 sit
1349 2633 1537 2687 oportet,
1582 2643 1713 2687 quem
1755 2630 1934 2676 oderim.

564 2691 696 2745 Quod
740 2692 775 2735 si
816 2692 969 2737 saltem
1011 2707 1163 2752 pacem
1204 2692 1320 2736 bona
1362 2692 1451 2736 fide
1491 2697 1678 2751 peteret,
1724 2692 1938 2739 delibera-

564 2769 652 2797 rem
706 2754 887 2801 forsitan
954 2770 1008 2799 an
1053 2756 1201 2801 darem
1226 2772 1235 2799 :
1293 2769 1445 2799 verum
1505 2756 1740 2809 enimvero,
1803 2773 1937 2816 quum

566 2818 695 2862 modo
718 2818 876 2864 milites
899 2834 1017 2864 meos
1049 2819 1187 2865 literis
1210 2819 1264 2863 ad
1289 2819 1600 2877 proditionem,
1626 2819 1756 2864 modo
1778 2821 1937 2866 amicos

567 2881 622 2923 ad
644 2882 877 2938 perniciem
908 2898 1047 2927 meam
1068 2883 1254 2942 pecunia
1277 2882 1481 2937 solicitet,
1507 2883 1562 2927 ad
1594 2883 1936 2929 internecionem

563 2943 668 2988 mihi
688 2948 1016 3005 persequendus
1039 2954 1119 3001 est,
1144 2961 1233 2990 non
1266 2952 1317 2990 ut
1333 2945 1481 3004 justus
1502 2946 1655 3000 hostis,
1681 2946 1758 2991 sed
1776 2956 1826 2993 ut
1842 2962 1938 3007 per-

557 3021 707 3052 cussor
729 3015 774 3054 et
791 3011 1025 3057 veneficus.
1093 3010 1382 3056 Conditio'nes
1400 3024 1503 3055 vero
1520 3010 1652 3069 pacis,
1673 3025 1779 3068 quas
1801 3011 1939 3066 fertis,
