2208 3424
518 284 578 332 48
783 253 786 256 ’
930 283 1123 332 mmm
1158 280 1480 341 QUARTth.

517 411 752 467 Pelusium,
786 425 873 470 qua
892 411 1134 459 intraturus
1168 409 1291 473 [rex]
1324 412 1564 467 videbatur,
1604 415 1884 458 convenerat,

512 476 661 535 Atque
678 476 752 521 ille
771 475 954 534 septimo
969 475 1054 530 die,
1069 481 1354 534 posteaquum
1375 492 1402 522 a
1425 475 1545 522 Gaza
1565 475 1712 535 copias
1731 488 1880 520 move*

512 544 594 594 rat,
614 538 660 600 in
681 537 906 598 regionem
927 538 1022 583 Aeo
996 538 1137 598 gypti,
1159 553 1290 597 quam
1313 553 1431 585 nunc
1456 536 1615 586 Castra
1631 536 1879 590 Alexandri

510 593 679 658 vocant,
702 602 918 662 pervenit.
982 601 1170 657 Deinde,
1194 601 1469 660 pedestribus
1490 602 1626 663 copiis
1657 600 1878 646 Pelusium

509 671 657 724 petere
681 664 830 724 jussis,
851 666 946 725 ipse
978 680 1076 710 cum
1098 664 1304 732 expedita
1332 665 1600 712 delectorum
1620 679 1753 710 manu
1774 664 1881 710 Nilo

508 743 635 774 amne
655 735 805 776 vectus
827 736 923 775 est:
956 743 1039 773 nec
1061 718 1307 774 sustinuere
1328 728 1567 776 adventum
1589 728 1683 787 ejus
1700 726 1874 782 Persae,

510 791 754 839 desectione
799 807 973 851 quoque
1016 791 1256 864 perterriti.
1330 791 1521 852 Jamque
1561 792 1681 838 haud
1725 791 1879 851 procul

511 855 705 916 Memphi
726 862 820 901 erat
842 871 854 910 3
889 856 936 899 in
958 855 1081 914 eujus
1103 854 1320 914 praesidio
1342 855 1539 900 Mazaces
1559 864 1736 916 praetor
1751 854 1880 900 Darii

508 918 697 975 relictus,
722 919 845 964 ocius
875 933 1002 963 amne
1023 925 1240 978 superate,
1275 919 1529 978 octingenta
1549 919 1716 964 talenta
1740 918 1875 963 Alex-

505 982 643 1027 andro
695 996 954 1040 omnemque
1005 982 1171 1041 regiam
1213 982 1524 1041 supellectilem
1564 982 1763 1028 tradidit.
1828 983 1873 1026 A

505 1045 699 1105 Memphi
734 1046 886 1090 ecdem
920 1045 1099 1090 flumine
1130 1053 1295 1101 vectus,
1339 1045 1395 1090 ad
1430 1044 1641 1091 interiora
1679 1043 1870 1104 Aegypti

502 1115 735 1168 penetrat;
776 1108 1110 1168 compositisque
1140 1109 1284 1164 rebus,
1317 1108 1379 1154 ita
1410 1115 1461 1154 ut
1503 1108 1612 1153 nihil
1644 1123 1699 1153 ex
1727 1108 1871 1168 patrio

504 1172 827 1232 Aegyptiorum
869 1187 989 1217 mere
1039 1177 1244 1227 mutaret,
1285 1171 1406 1217 adire
1442 1171 1566 1217 Jovis
1611 1170 1871 1217 Hammonis

500 1237 722 1280 oraculum
739 1235 908 1281 statuit.

562 1298 778 1343 XXVIII.
812 1299 904 1345 Iter
925 1298 1139 1357 exp‹=ditis
1170 1313 1343 1357 quoque
1364 1306 1409 1344 et
1432 1299 1580 1357 paucis
1612 1298 1686 1343 vix
1707 1299 1867 1344 tolera-

498 1362 585 1407 bile
603 1362 943 1421 ingrediendum
965 1371 1075 1407 erat.
1122 1362 1261 1407 Terra
1279 1363 1487 1420 coeloque
1500 1376 1708 1420 aquarum
1726 1377 1864 1422 penu·-

493 1426 560 1470 ria
581 1436 644 1471 est
667 1442 677 1471 ε
711 1426 881 1471 steriles
903 1440 1059 1470 arenae
1069 1425 1221 1484 jacent
1243 1442 1254 1470 ι
1289 1440 1395 1484 quas
1418 1427 1495 1470 ubi
1516 1440 1652 1484 vapor
1672 1426 1776 1470 solis
1793 1440 1862 1471 ac*

492 1488 652 1544 cendit,
675 1489 842 1535 fervido
859 1489 952 1533 solo
972 1499 1182 1535 exurente
1203 1489 1399 1548 vestigia,
1418 1488 1701 1535 intolerabilis
1717 1496 1865 1534 aestus

493 1552 653 1607 existit,
686 1552 1031 1610 luctandumque
1062 1558 1142 1607 est,
1175 1568 1267 1597 non
1298 1558 1469 1598 tantum
1503 1567 1601 1597 cum
1633 1552 1790 1597 ardore
1822 1560 1869 1598 et

490 1616 682 1661 siccitate
695 1615 899 1674 regioniS,
917 1616 993 1660 sed
1007 1616 1136 1661 etiam
1153 1632 1253 1661 cum
1273 1616 1548 1661 tenacissimo
1564 1614 1729 1671 sabulo,
1745 1617 1862 1674 quod

488 1679 743 1737 praealtum,
783 1687 827 1725 et
860 1680 1043 1738 vestigio
1076 1679 1248 1734 cedens,
1289 1694 1410 1736 aegre
1442 1678 1682 1725 moliuntur
1712 1679 1864 1739 pedes.

489 1741 614 1787 Hace
645 1743 857 1802 Aegyptii
880 1757 983 1787 vcro
1013 1742 1175 1801 majora
1191 1742 1433 1801 jactabant.
1501 1741 1587 1787 Sed
1608 1743 1765 1801 ingens
1787 1758 1863 1788 cu·-

487 1805 592 1864 pido
623 1806 815 1850 animum
838 1806 1092 1851 stimulabat
1112 1807 1305 1851 adeundi
1325 1805 1498 1859 Jevem,
1522 1819 1650 1862 quem
1683 1807 1860 1864 generis

486 1868 555 1913 sui
576 1876 811 1923 auctorem,
831 1870 949 1914 haud
965 1877 1200 1915 contentus
1218 1870 1391 1914 mortali
1406 1869 1594 1926 fastigio,
1618 1874 1696 1914 aut
1710 1870 1860 1914 crede-1

485 1932 564 1977 bat
586 1947 688 1986 esse,
712 1940 791 1978 aut
811 1933 931 1977 credi
955 1932 1143 1978 volebat.
1210 1931 1330 1990 Ergo
1351 1947 1449 1977 cum
1484 1932 1536 1975 iis
1567 1946 1677 1991 quos
1698 1932 1859 1977 ducere

486 2011 631 2041 secum
652 2002 880 2050 statuerat,
904 1996 1097 2041 secundo
1127 2009 1256 2040 amne
1289 1994 1515 2041 descendit
1545 1997 1602 2039 ad
1625 1995 1859 2041 Mareotim

488 2059 705 2118 paludem.
773 2059 840 2104 Eo
853 2060 989 2118 legati
1008 2059 1324 2119 Cyrenensium
1344 2060 1461 2103 dona
1473 2058 1675 2114 attulere,
1692 2073 1859 2118 pacem,

487 2129 547 2168 et.
565 2128 615 2168 nt
634 2122 776 2168 adiret
807 2123 938 2167 urbes
960 2138 1071 2178 suas,
1096 2129 1310 2181 petentes.
1374 2122 1469 2176 Ille,
1504 2121 1630 2167 donis
1652 2123 1855 2182 acceptis,

485 2185 758 2243 amicitiaque
790 2186 1036 2244 conjuncta,
1076 2186 1291 2231 destinat-³
1332 2186 1508 2243 exsequi
1549 2185 1704 2244 pergit.
1792 2186 1861 2231 Ae

482 2248 623 2309 primo
653 2249 829 2307 quidem
862 2255 908 2294 et
950 2250 1147 2308 sequenti
1190 2249 1264 2293 die
1303 2248 1539 2294 tolerabilis
1570 2249 1694 2293 labor
1724 2249 1858 2301 visus,

483 2313 679 2358 nondum
712 2319 802 2358 tarn
836 2313 970 2359 vastis
1001 2313 1216 2370 nudisque
1248 2312 1556 2357 solitudinibus
1589 2312 1733 2367 aditis,
1758 2312 1853 2372 jam

483 2383 629 2422 tamen
669 2376 806 2422 sterili
837 2383 883 2422 et
916 2377 1154 2421 emoriente
1186 2384 1316 2421 terra.
1380 2375 1470 2420 Sed
1502 2381 1551 2421 ut
1581 2390 1790 2435 aperuere
1811 2392 1860 2422 se

483 2440 625 2498 campi
654 2440 745 2485 alto
777 2440 921 2485 obruti
942 2440 1107 2494 sabulo,
1130 2440 1249 2483 hand
1271 2454 1392 2484 secus
1423 2453 1555 2498 quam
1587 2440 1853 2499 profundum

483 2517 644 2561 aequor
673 2503 872 2562 ingressi,
908 2509 1070 2550 terram
1104 2503 1239 2547 oculis
1270 2503 1561 2560 requirebant.
1627 2503 1764 2548 Nulla
1784 2518 1854 2547 ar—

481 2568 577 2620 bor,
601 2566 767 2611 nullum
789 2568 898 2613 culti
923 2567 1002 2612 soli
1024 2567 1282 2612 occurrebat
1304 2566 1535 2624 vestigium
1555 2582 1567 2620 ;
1591 2580 1701 2625 aqua
1722 2566 1854 2612 etiam

481 2630 697 2676 defecerat
717 2644 845 2688 quam
868 2631 1037 2676 utribus
1060 2630 1213 2675 cameli
1235 2638 1459 2685 vexerant,
1483 2636 1528 2675 et
1547 2629 1595 2674 in
1615 2630 1740 2675 arido
1761 2629 1856 2675 solo

480 2709 532 2738 ac
554 2693 719 2739 fervido
741 2694 892 2738 sabulo
915 2694 1034 2738 nulla
1056 2701 1166 2739 erat.
1228 2693 1306 2738 Ad
1328 2693 1432 2738 haec
1456 2693 1520 2738 sol
1542 2693 1690 2738 onmia
1704 2694 1852 2738 ineen-

481 2757 620 2813 derat,
642 2757 840 2815 siccaque
862 2764 908 2803 et
929 2758 1085 2803 adusta
1116 2762 1209 2802 erat
1232 2772 1333 2808 ora;
1367 2771 1499 2815 quum
1531 2763 1724 2817 repente,
1762 2756 1854 2801 sive

481 2820 593 2866 illud
613 2820 792 2865 deorum
812 2836 982 2876 munus,
993 2821 1083 2866 sive
1092 2835 1213 2866 casus
1222 2821 1318 2875 fuit,
1343 2821 1559 2866 obductae
1580 2820 1703 2865 coelo
1716 2821 1859 2865 nubes

480 2884 717 2929 condidere
738 2885 903 2938 solem3
937 2885 1087 2943 ingens
1123 2890 1244 2930 aestu
1284 2884 1493 2943 fatigatis,
1531 2884 1702 2929 etiamsi
1743 2898 1863 2943 aqua

479 2948 693 3006 deficeret,
717 2948 942 2994 auxilium.
1007 2946 1258 3003 Enimvero,
1294 2955 1343 2994 ut
1373 2948 1544 3007 largum
1567 2961 1737 3007 quoque
1767 2947 1852 2993 im-
