2192 3392
977 298 1173 348 LIBER
1207 299 1504 349 TERTIUS.
1907 304 1935 350 9

546 428 783 490 appellant,
827 427 978 475 decem
1011 436 1059 476 et
1089 429 1285 491 quinque
1313 429 1452 476 millia
1480 429 1722 476 hominum.
1809 428 1935 477 Haec

546 505 652 538 vero
681 491 828 547 turba,
862 491 1137 539 muliebriter
1156 493 1476 554 propemodum
1496 492 1632 549 culta,
1652 493 1764 540 luxu
1793 493 1935 553 magis

547 569 679 615 quam
710 555 882 602 decoris
914 556 1046 603 armis
1077 557 1313 618 conspicua
1342 561 1453 602 erat.
1518 555 1784 632 Doryphqd
1806 570 1935 603 voca-

546 620 708 665 bantur
738 618 989 679 proximum
1008 619 1080 667 his
1110 635 1283 680 agmen,
1307 619 1426 667 soliti
1446 624 1615 666 vestem
1645 620 1847 681 excipere
1866 635 1936 672 re-

545 681 719 741 galem3
752 681 801 728 hi
839 696 1016 729 currum
1054 684 1172 744 regis
1214 683 1458 738 anteibant,
1492 697 1583 742 quo
1612 682 1707 744 ipse
1738 684 1935 731 eminens

546 745 803 793 vehebatur.
872 745 1125 808 Utrumque
1155 762 1310 794 currus
1340 746 1459 794 latus
1480 746 1680 792 Deorum
1701 746 1935 795 simulacra

544 824 602 855 ex
621 823 729 856 auro
748 815 1022 873 argentoque
1042 825 1247 872 expressa
1266 810 1566 865 decorabant;
1600 809 1933 870 distinguebant

542 872 855 920 internitentes
885 889 1084 933 gemmae
1128 874 1303 935 Jugum‚
1346 888 1403 919 ex
1433 888 1523 934 quo
1560 873 1814 922 eminebant
1844 873 1935 921 duo

543 950 678 981 aurea
696 936 928 987 simulacra
947 937 1168 992 cubitalia,
1191 952 1378 998 quorum
1400 936 1588 984 alterum
1605 936 1727 992 Nini,
1746 937 1934 985 alterum

544 997 643 1045 Beli
662 1000 846 1060 gerebat
876 1000 1080 1061 effigiem.
1145 1000 1269 1048 Inter
1298 1001 1407 1047 haec
1427 1015 1605 1047 auream
1625 971 1814 1062 aquilam
1834 1000 1933 1061 pin-

545 1077 627 1109 nas
647 1064 908 1111 extendenti
929 1064 1115 1110 similem
1135 1070 1426 1112 sacraverant.

608 1126 736 1174 VIII.
774 1127 934 1174 Cultus
966 1127 1107 1187 Regis
1138 1129 1255 1175 inter
1269 1162 1271 1165 <
1285 1128 1433 1174 omnia
1452 1127 1628 1174 luxuria
1657 1128 1928 1177 notabatur·
1919 1163 1930 1181 ‚

547 1204 795 1251 purpureae
825 1192 1002 1238 tunicae
1023 1192 1218 1238 medium
1249 1191 1350 1237 albo
1380 1192 1603 1238 intextum
1624 1197 1748 1246 erat;
1770 1191 1932 1251 pallam

544 1267 654 1299 auro
685 1253 940 1301 distinctam
971 1255 1094 1301 aurei
1122 1255 1377 1328 accipitres,
1398 1254 1522 1302 velut
1553 1255 1707 1301 rostris
1737 1254 1856 1302 inter
1888 1270 1934 1300 se

546 1324 816 1372 corruerent,
861 1319 1170 1374 adornabant3
1226 1325 1286 1374 et,
1329 1334 1440 1364 zona
1492 1333 1628 1364 aurea
1662 1317 1935 1365 muliebriter

544 1380 726 1436 cinctus,
745 1397 809 1427 ac
808 1392 966 1429 nacem
982 1354 1278 1457 suspenderat
1283 1382 1356 1428 cui
1377 1397 1433 1428 ex
1444 1396 1620 1442 gemma
1639 1387 1735 1429 erat
1756 1381 1932 1442 vagina.

538 1441 749 1492 Cidarim
809 1446 945 1492 'ersae
974 1446 1148 1506 regium
1178 1446 1335 1507 capitis
1367 1445 1618 1497 vocabant'
1606 1446 1814 1505 insigne;
1849 1445 1933 1491 hoc

543 1509 745 1554 caerulea
777 1509 912 1555 fascia
942 1510 1044 1556 albo
1085 1510 1297 1557 distincta
1326 1510 1599 1556 circumibat.
1635 1509 1826 1555 Currum
1857 1509 1934 1555 de

543 1586 639 1617 cem
659 1571 797 1618 millia
817 1572 1092 1619 hastatorum
1111 1574 1435 1633 sequebantur·
1425 1607 1437 1626 ‚
1468 1573 1618 1619 hastas
1639 1578 1828 1633 argento
1859 1587 1934 1618 ex-

542 1641 736 1692 ornatas,
760 1635 929 1694 spicula
959 1652 1067 1682 auro
1099 1637 1291 1697 praefixa
1321 1637 1575 1696 gestabant.
1638 1635 1813 1683 Dextra
1842 1636 1931 1682 lae-

543 1713 686 1759 vaque
715 1713 868 1757 regem
900 1699 1083 1746 ducenti
1094 1700 1231 1747 ferme
1262 1700 1521 1746 nobilissimi
1582 1700 1928 1775 propinquorum

539 1761 881 1810 comitabantur.
946 1763 1129 1810 Horum
1140 1767 1299 1824 agmen
1320 1763 1609 1810 claudebatur
1625 1763 1812 1823 triginta
1832 1763 1929 1810 mil-

537 1825 656 1872 libus
685 1826 901 1887 peditum,
935 1843 1046 1887 quos
1062 1827 1165 1891 equi
1194 1828 1312 1887 regis
1343 1826 1658 1888 quadringenti
1679 1828 1923 1886 sequeban-

536 1894 626 1936 tur.
693 1890 933 1937 Intervallo
952 1891 1116 1937 deinde
1136 1891 1267 1937 unius
1283 1891 1428 1947 stadii,
1451 1896 1638 1937 matrem
1654 1889 1782 1937 Darii
1805 1890 1926 1951 Sysi-

539 1953 733 2021 gambim
765 1969 921 2000 currus
952 1954 1175 2007 vehebat,
1210 1960 1256 2001 et
1286 1954 1334 2000 in
1365 1925 1453 2000 alio
1484 1959 1581 2001 erat
1601 1953 1799 2013 conjux:
1832 1961 1928 2000 tur·

539 2009 618 2061 ba
637 2016 899 2064 feminarum
939 2018 1117 2077 reginas
1152 2017 1455 2064 comitantium
1498 2018 1624 2077 equis
1653 2018 1927 2065 vectabatur.

542 2079 809 2135 Quindecim
830 2080 949 2135 inde,
982 2096 1094 2141 quas
1122 2095 1400 2128 armamaxas
1419 2081 1658 2141 appellant,
1682 2082 1927 2141 sequeban-

538 2148 647 2188 tur·
636 2177 648 2197 ,
681 2144 729 2188 in
748 2144 818 2191 his
839 2150 967 2191 erant
985 2144 1115 2190 liberi
1135 2145 1252 2204 regis
1273 2150 1319 2191 et
1339 2145 1417 2205 qui
1437 2145 1687 2197 educabant
1707 2159 1795 2200 eos,
1829 2160 1928 2206 spa-

541 2206 797 2267 donumque
828 2221 953 2268 grex,
985 2208 1108 2254 haud
1140 2223 1246 2254 sane
1275 2208 1362 2254 illis
1391 2208 1603 2268 gentibus
1632 2209 1743 2255 vilis.
1811 2208 1927 2254 Tum

535 2270 685 2329 regiae
714 2271 895 2331 pellices
926 2277 1153 2318 trecentae
1173 2272 1405 2332 sexaginta
1424 2272 1712 2328 vehebantur,
1737 2276 1784 2320 et
1806 2272 1926 2333 ipsae

542 2334 680 2393 regali
701 2335 828 2382 cultu
850 2342 1099 2396 ornatuque
1121 2352 1131 2382 :
1165 2342 1268 2396 post
1298 2351 1407 2396 quas
1427 2336 1660 2395 pecuniam
1680 2335 1798 2395 regis
1828 2350 1925 2382 sex·

539 2398 657 2444 centi
688 2398 796 2444 muli
812 2405 860 2445 et
889 2400 1078 2445 trecenti
1099 2400 1253 2446 cameli
1284 2400 1517 2455 vehebant,
1544 2400 1769 2460 vpraesidio
1791 2398 1927 2458 sagit-

541 2461 753 2507 tariorum
794 2468 1101 2523 prosequente.
1192 2463 1549 2523 Propinquorum
1602 2464 1930 2523 amicorumque

538 2524 751 2585 conjuges
771 2525 876 2572 huic
898 2526 1063 2585 agmini
1084 2526 1322 2587 proximae,
1346 2526 1625 2587 lixarumque
1645 2533 1691 2574 et
1723 2526 1926 2573 calonum

540 2603 712 2648 greges,
756 2589 1046 2636 vehebantur.
1134 2590 1294 2637 Ultimi
1326 2595 1453 2637 erant
1485 2605 1588 2636 cum
1614 2590 1707 2639 suis
1740 2591 1927 2651 quisque

540 2652 739 2708 ducibus,
763 2653 842 2728 qui
874 2659 1087 2712 cogerent
1119 2669 1291 2714 agmen,
1325 2648 1484 2700 leviter
1504 2654 1676 2702 armati.
1745 2654 1928 2710 Contra,

539 2716 577 2761 si
598 2716 708 2776 quis
716 2716 855 2762 aciem
878 2716 1172 2763 Macedonum
1193 2717 1456 2773 intueretur,
1481 2718 1630 2779 dispar
1650 2717 1783 2765 facies
1804 2724 1926 2772 erat3

541 2779 665 2840 equis
695 2780 889 2841 virisque
918 2795 1008 2826 non
1040 2796 1163 2838 auro,
1197 2796 1289 2828 non
1310 2781 1518 2828 discolori
1539 2788 1674 2838 veste,
1699 2781 1779 2829 sed
1809 2781 1926 2828 ferro

535 2849 670 2903 atque
702 2859 803 2891 aere
839 2844 1125 2904 fulgentibus.
1191 2846 1369 2921 agmen
1401 2850 1448 2892 et
1478 2851 1598 2893 stare
1627 2851 1846 2907 paratum,
1880 2852 1926 2892 et

540 2907 698 2967 sequi;
732 2922 816 2954 nec
847 2909 980 2955 turba
999 2923 1084 2954 nec
1104 2909 1287 2955 sarcinis
1307 2923 1580 2970 praegrave;
1614 2910 1838 2957 intentum
1869 2909 1926 2955 ad

538 2969 675 3025 ducis,
708 2986 800 3018 non
818 2972 997 3032 signum
1029 2973 1176 3030 modo,
1210 2973 1289 3021 sed
1310 2973 1443 3020 etiam
1464 2979 1659 3021 nutum:
1694 2979 1740 3021 et
1773 2973 1927 3020 castris
