2208 3424
423 325 484 372 36
836 324 1035 373 LIBER
1068 325 1391 382 QUARTUS.

422 455 507 500 hoc
544 453 686 500 acrius
726 451 884 500 furere.
948 452 1015 499 At
1044 452 1133 507 ille,
1166 453 1502 513 haudquaquam
1535 454 1655 501 rudis
1689 460 1804 501 trac-

420 517 547 563 tandi
567 515 778 562 militares
798 515 980 572 animos,
1003 517 1191 576 speciem
1220 517 1303 563 sibi
1335 516 1544 564 Herculis
1574 518 1623 563 in
1654 533 1808 564 somno

421 581 612 627 oblatam
632 594 727 626 esse
746 580 1026 641 pronunciat,
1041 580 1245 627 dextram
1266 580 1534 641 porrigentis
1553 597 1563 626 ε
1585 580 1663 627 illo
1679 582 1805 636 duce,

427 644 504 688 illo
525 643 766 703 aperiente,
788 643 836 688 in
866 644 1022 689 urbem
1052 643 1221 691 intrare
1253 659 1299 689 se
1318 644 1478 689 visum.
1544 641 1668 690 In'ter
1689 645 1809 700 haec,

419 706 729 753 caduceatores
768 706 1039 762 interfectos,
1070 707 1273 766 gentium
1297 706 1401 766 jura
1436 707 1613 764 violata,
1646 708 1806 754 refere-

419 771 531 817 bat.
519 785 530 797 ·
564 784 699 816 unam
730 785 825 816 esse
855 770 1010 816 urbem
1051 785 1166 831 quae
1182 774 1194 787 '
1207 785 1383 817 cursum
1424 771 1605 818 victoris
1644 772 1806 817 morari

418 847 523 879 ausa
553 840 681 880 esset.
746 833 948 880 Ducibus
979 833 1141 880 deinde
1170 834 1402 893 negotium
1430 835 1589 890 datur,
1622 842 1674 882 ut
1706 839 1807 881 su'os

418 897 599 959 quisque
645 896 865 956 castigem
910 897 1101 955 satisque
1148 897 1351 943 omnibus
1403 897 1672 954 stimulatis,
1697 914 1805 958 opus

418 975 542 1007 orsus
563 965 644 1006 est.
709 960 878 1020 Magna
906 960 973 1006 vis
1004 974 1209 1006 saxorum
1239 961 1296 1006 ad
1327 975 1509 1006 manum
1541 969 1650 1014 erat,
1685 961 1806 1023 Tyro

417 1030 565 1071 vetere
584 1023 858 1084 praebente3
892 1024 1095 1070 materies
1116 1038 1172 1070 ex
1194 1024 1368 1071 Libano
1389 1030 1541 1071 monte
1570 1024 1741 1071 ratibus
1763 1033 1807 1071 et

412 1087 611 1133 turribus
630 1086 843 1133 faciendis
862 1087 1124 1134 vehebatur.

476 1151 534 1196 X.
566 1150 760 1211 Jamque
790 1165 818 1196 a
849 1150 990 1196 fundo
1021 1151 1154 1196 maris
1190 1151 1238 1196 in
1269 1150 1554 1198 altitudinem
1585 1152 1803 1196 modicam

414 1229 525 1274 opus
545 1219 828 1261 excreverat:
852 1214 1052 1260 nondum
1071 1221 1222 1261 tamen
1243 1229 1384 1276 aquae
1402 1215 1630 1274 fastigium
1646 1227 1804 1274 aequa—

331 1326 343 1337 ,
413 1279 492 1324 bat
515 1293 527 1331 ;
551 1283 599 1324 et
619 1291 707 1335 quo
728 1277 904 1337 longius
923 1278 1061 1323 moles
1092 1279 1309 1338 agebatur
1329 1294 1356 1324 a
1376 1279 1521 1334 litore,
1543 1279 1629 1324 hoc
1649 1278 1802 1338 magis,

414 1340 628 1400 quidquid
644 1341 942 1400 ingerebatur,
960 1342 1207 1401 praealtum
1222 1342 1487 1389 absorbebat
1502 1355 1622 1388 mare
1635 1358 1646 1387 z
1659 1354 1804 1401 ‘quum

417 1405 559 1466 Tyrii,
578 1406 726 1465 parvis
746 1404 933 1464 navigiis
955 1404 1159 1461 admotis,
1181 1419 1261 1465 per
1292 1405 1535 1451 ludibrium
1568 1406 1804 1465 exprobra-

414 1470 537 1524 bant,
569 1468 670 1514 illos
701 1468 833 1514 armis
863 1467 1054 1530 inclytos
1090 1469 1238 1525 dorso,
1270 1468 1383 1515 sicut
1418 1468 1637 1527 jumenta,
1672 1483 1806 1514 onera

414 1539 621 1592 gestare;
655 1531 990 1591 interrogabant
1012 1532 1162 1587 etiam,
1183 1547 1290 1578 num
1319 1532 1462 1592 major
1492 1532 1707 1599 Neptuno
1739 1546 1806 1577 es-

416 1603 483 1643 set
502 1595 797 1641 Alexander?
861 1594 988 1642 Haec
1019 1595 1114 1655 ipsa
1142 1596 1378 1643 insectatio
1399 1596 1672 1642 alacritatem
1693 1589 1807 1641 'mili

415 1666 513 1705 tum
526 1659 746 1705 accendit.
794 1658 992 1717 Jamque
999 1659 1228 1719 paululum
1245 1659 1384 1705 moles
1397 1674 1557 1720 aquam
1571 1658 1804 1713 eminebat,

415 1729 462 1769 et
482 1722 611 1769 simul
633 1721 809 1782 aggeris
830 1722 1022 1769 latitudo
1052 1724 1291 1779 crescebat,
1322 1723 1512 1783 urbique
1530 1723 1806 1772 ,admoveba-

414 1792 514 1840 tur;
537 1801 638 1830 cum
662 1786 804 1846 Tyrii,
826 1786 1134 1845 magnitudine
1154 1787 1296 1842 molis,
1331 1786 1456 1847 cujus
1487 1787 1805 1832 incrementum

416 1864 490 1895 eos
522 1856 627 1895 ante
647 1848 877 1905 fetffllerat,
911 1856 1162 1910 conspecta,
1184 1850 1356 1896 levibus
1387 1850 1577 1909 navigiis
1609 1850 1805 1895 nondum

416 1912 693 1959 commissum
725 1927 838 1972 opus
869 1913 1099 1959 circumire
1130 1919 1407 1973 coeperunt3
1451 1913 1695 1958 missilibus¹
1732 1928 1806 1958 eos·

415 1990 587 2035 quoque
618 1976 695 2034 qui
725 1990 807 2036 pro
839 1990 972 2036 opere
1003 1977 1183 2023 stabant
1214 1978 1444 2023 incessere.
1512 1976 1668 2022 Multis
1701 1991 1807 2036 ergo

414 2041 594 2100 impune
609 2039 866 2095 vulneratis,
883 2054 984 2099 cum
1007 2045 1054 2085 et
1067 2053 1294 2086 removere
1315 2047 1363 2087 et
1384 2040 1601 2100 appellere
1623 2038 1806 2101 scaphas

414 2104 463 2148 in
485 2103 693 2163 expedito
714 2109 842 2154 esset,
866 2103 924 2148 ad
955 2117 1108 2149 curam
1129 2103 1387 2164 semetipsos
1407 2103 1565 2149 tuendi
1586 2104 1642 2149 ab
1675 2118 1806 2163 opere

415 2171 743 2213 converterant.
828 2165 973 2225 Igitur
1003 2181 1082 2212 rex
1128 2167 1430 2214 munientibus
1474 2168 1594 2213 coria
1626 2167 1806 2225 velaque

408 2230 543 2290 jussit
564 2229 764 2285 obtendi,
786 2235 839 2276 ut
870 2237 997 2276 extra
1016 2230 1094 2277 teli
1113 2230 1253 2277 ictum
1275 2238 1448 2284 essent3
1483 2231 1679 2287 duasque
1711 2238 1804 2276 tur-

415 2309 485 2340 res
503 2308 559 2340 ex
580 2293 726 2354 capite
747 2293 874 2339 molis
894 2293 1051 2349 erexit,
1068 2309 1094 2340 e
1115 2294 1276 2355 quibus
1296 2295 1344 2339 in
1361 2295 1603 2340 subeuntes
1625 2296 1805 2354 scaphas

414 2357 504 2404 tela
522 2357 667 2418 ingeri
687 2363 880 2417 possent.
946 2357 1130 2413 Contra,
1149 2357 1277 2418 Tyrii
1296 2358 1475 2417 navigia
1490 2358 1645 2417 procul
1660 2373 1687 2403 a
1703 2359 1818 2402 conss

417 2427 594 2496 spectu·
602 2421 798 2467 hostium
828 2420 949 2467 litori
987 2421 1230 2482 appellunt,
1264 2421 1563 2483 expositisque
1593 2421 1805 2467 militibus

416 2499 492 2531 eos
521 2484 597 2544 qui
621 2499 733 2530 saxa
762 2485 998 2544 gestabant
1018 2486 1301 2532 obtruncant.
1366 2484 1420 2530 In
1443 2485 1617 2531 Libano
1637 2499 1807 2543 quoque

415 2548 617 2593 Arabum
659 2556 865 2608 agresteS‚
908 2548 1222 2608 incompositos
1273 2549 1431 2595 Macen
1436 2564 1543 2594 onas
1596 2550 1805 2608 aggressi,

415 2611 604 2672 triginta
622 2610 714 2657 fere
734 2610 1020 2667 interficiunt,
1046 2612 1327 2687 paucioribus
1348 2613 1506 2673 captis.
1570 2613 1613 2658 3.
1650 2612 1717 2658 Ea
1738 2627 1806 2657 res

416 2674 725 2721 Alexandrum
746 2674 943 2721 dividere
963 2678 1112 2736 copias
1133 2676 1299 2751 coegit
1364 2675 1426 2722 Et
1447 2692 1506 2723 ne
1522 2675 1718 2736 segniter
1739 2692 1805 2721 as-

418 2739 561 2785 sidere
582 2738 660 2783 uni
681 2738 781 2783 urbi
802 2738 1041 2795 videretur,
1063 2740 1187 2800 operi
1211 2737 1470 2786 Perdiccam
1489 2739 1808 2796 Craterumque

418 2802 653 2863 praefecit3
685 2802 780 2862 ipse
801 2816 901 2848 cum
922 2802 1128 2862 expedita
1147 2818 1284 2849 manu
1305 2803 1517 2850 Arabiam
1539 2801 1682 2862 petiit.

343 2883 346 2886 ·
411 2907 415 2910 Α
482 2865 566 2911 xl.
591 2887 595 2891 ·
614 2865 739 2912 Inter
785 2865 892 2911 haec
932 2865 1058 2926 Tyrii
1099 2881 1259 2913 navem
1291 2867 1603 2928 magnitudine
1634 2867 1804 2921 eximia,

419 2930 535 2975 saxis
566 2943 786 2987 arenaque
816 2944 842 2974 a.
872 2930 1009 2990 puppi
1040 2937 1280 2987 oneratam,
1303 2931 1368 2977 ita
1389 2937 1441 2976 ut
1464 2930 1651 2976 multum
1677 2946 1806 2990 prora

419 2993 646 3052 emineret,
668 2993 884 3039 bitumine
905 3007 958 3040 ac
979 2993 1191 3055 sulphure
1208 2994 1380 3051 illitam,
1405 2995 1537 3039 remis
1560 2995 1804 3040 concitave-
