2208 3424
0 470 131 518 >atrio

0 535 128 595 ›ropi-

1 667 123 707 ntem

0 738 125 770 omen

8 803 127 843 vero,

0 851 127 905 »litus

0 915 18 959 »i
32 915 128 960 des-

0 979 139 1041 situs„

21 1042 129 1088 haec

0 1111 131 1151 3tores

1 1169 131 1214 ullius

0 1238 129 1278 3tores

0 1296 130 1341 eede-

0 1360 132 1405 rdoti-

23 1439 131 1483 quo-

0 1494 131 1543 erunt,

9 1565 131 1596 suum

0 1615 133 1660 audit.

946 336 1139 383 LIBER
1174 336 1499 393 QUARTUS.
1850 340 1906 385 51

537 462 845 521 intempestiva
874 463 1123 520 incesserat,
1157 479 1247 510 non
1283 465 1493 512 interiora
1534 466 1664 512 modo
1697 466 1909 526 Aegypti,

539 527 615 571 sed
636 525 767 572 etiam
787 526 1069 588 Aethiopiam
1099 528 1301 574 invisere.
1365 530 1613 576 Memnonis
1644 529 1912 589 Tithonique

537 589 753 635 celebrata
773 589 890 648 regia
910 592 1239 651 cognoscendae
1266 593 1496 639 vetustatis
1517 593 1693 638 avidum
1709 593 1913 640 trahebat

538 654 673 712 paene
694 658 818 699 extra
840 655 1048 701 terminos
1069 656 1185 702 solis.
1241 656 1326 701 Sed
1341 656 1573 702 imminens
1594 657 1770 713 bellum,
1788 656 1911 716 cujus

540 717 676 764 multo
695 716 831 775 major
855 726 1080 778 supererat
1100 719 1248 772 moles,
1267 720 1432 765 otiosae
1451 720 1786 779 peregrinationi
1801 726 1910 767 tem—

538 796 643 838 pora
673 788 906 828 exemerat.
970 782 1125 842 Itaque
1156 783 1365 842 Aegypto
1403 783 1609 843 praefecit
1641 783 1909 844 Aeschylum

541 844 775 898 Rhodium,
810 850 856 890 et
895 844 1137 893 Peucesten
1170 846 1470 901 Macedonem,
1503 852 1690 904 quatuor
1720 847 1912 891 millibus

538 908 723 955 militum
744 907 790 952 in
811 909 1076 968 praesidium
1096 910 1287 969 regionis
1308 909 1401 969 ejus
1423 910 1538 955 datis
1561 926 1572 955 ε
1607 910 1796 956 claustra
1817 910 1910 954 Nili

542 971 728 1018 fluminis
761 970 1047 1018 Polemonem
1068 974 1182 1019 tueri
1197 972 1327 1032 jubet
1341 989 1352 1027 ;
1387 973 1573 1032 triginta
1593 975 1650 1019 ad
1670 974 1753 1019 hoc
1785 974 1912 1019 trire-

541 1050 627 1080 mes
664 1036 805 1082 datae.
884 1036 1060 1084 Africae
1081 1038 1254 1092 deinde,
1278 1051 1388 1095 quae
1409 1037 1619 1097 Aegypto
1643 1036 1801 1096 juncta
1832 1044 1913 1089 est,

539 1100 806 1160 praepositus
828 1099 1113 1157 Apollonius:
1148 1100 1436 1159 vectigalibus
1457 1101 1651 1159 ejusdem
1687 1099 1908 1161 [Africae]

539 1163 832 1223 Aegyptique,
851 1162 1120 1210 Cleomenes.
1145 1163 1216 1209 Ex
1231 1164 1429 1209 finitimis
1446 1164 1628 1209 urbibus
1650 1165 1910 1223 commigra-

537 1241 583 1270 re
606 1226 919 1273 Alexandriam
933 1227 1079 1287 jussis,
1094 1243 1251 1272 novam
1271 1227 1425 1272 urbem
1447 1242 1610 1286 magna
1631 1227 1914 1273 multitudine

538 1290 745 1349 implevit.
827 1290 963 1336 Fama
1001 1297 1083 1347 est,
1117 1305 1249 1350 quum
1292 1305 1366 1335 rex
1407 1290 1529 1335 urbis
1559 1290 1734 1336 futurae
1776 1291 1910 1334 muris

538 1354 831 1411 polentam,ut
846 1356 1139 1400 Macedonum
1159 1370 1250 1399 mos
1271 1359 1350 1409 est,
1361 1354 1636 1408 destinasset,
1647 1354 1792 1399 avium
1814 1369 1906 1413 gre-

540 1432 614 1474 ges
635 1418 873 1473 advolasse,
898 1424 942 1464 et
963 1419 1143 1478 polenta
1165 1433 1259 1463 esse
1279 1424 1425 1477 pastas
1444 1433 1454 1470 ;
1477 1431 1696 1477 quumque
1716 1418 1764 1462 id
1782 1432 1912 1462 omen

539 1496 616 1538 pro
637 1482 754 1528 tristi
785 1498 811 1527 a
834 1483 1049 1542 plerisque
1073 1488 1185 1528 esset
1207 1487 1445 1544 acceptum,
1468 1482 1743 1541 respondisse
1775 1486 1908 1534 vates,

540 1560 739 1604 magnam
763 1546 882 1592 illam
904 1548 1057 1591 urbem
1081 1547 1345 1591 advenarum
1366 1544 1656 1603 frequentiam
1675 1545 1903 1593 culturam,

542 1609 776 1668 multisque
792 1625 888 1655 eam.
908 1610 1037 1655 terris
1059 1610 1268 1655 alimenta
1288 1608 1601 1668 praebituram.

600 1672 820 1718 XXXIII.
856 1674 1040 1732 Regem,
1065 1687 1199 1731 quum
1233 1673 1425 1718 secundo
1446 1687 1574 1716 amne
1596 1672 1821 1728 deflueret,
1845 1688 1912 1718 as-

537 1737 657 1795 sequi
673 1737 853 1796 cupiens
875 1736 1059 1792 Hector,
1086 1736 1385 1782 Parmenionis
1416 1736 1546 1790 filius,
1568 1736 1726 1782 eximio
1758 1737 1914 1782 aetatis

536 1800 653 1853 tiore,
678 1801 724 1845 in
747 1800 897 1859 paucis
919 1800 1175 1845 Alexandro
1198 1815 1336 1855 carus,
1360 1814 1542 1859 parvum
1564 1800 1788 1859 navigium
1811 1815 1914 1845 con-

536 1864 718 1919 scendit,
742 1864 939 1923 pluribus
969 1878 1099 1922 quam
1132 1878 1287 1923 capere
1317 1869 1464 1923 posset
1484 1863 1727 1922 impositis:
1761 1864 1910 1921 itaque

537 1942 674 1972 mersa
696 1927 817 1977 navis
833 1942 985 1972 omnes
1006 1927 1223 1973 destituit.
1277 1926 1447 1972 Hector
1470 1926 1544 1970 diu
1566 1927 1735 1971 flumini
1757 1927 1909 1972 oblue-

535 1997 665 2045 tatus,
699 2004 832 2049 quum
864 1991 1043 2036 madens
1078 1990 1209 2036 vestis
1242 1996 1286 2035 et
1318 1990 1519 2035 adstricti
1550 1990 1737 2049 crepidis
1770 1990 1904 2049 pedes

538 2061 688 2100 natare
709 2054 1004 2113 prohiberent,
1039 2054 1088 2098 in
1111 2055 1249 2113 ripam
1269 2059 1418 2099 tamen
1450 2054 1713 2098 semianimis
1736 2054 1875 2099 evasit
1902 2070 1911 2105 ;

535 2127 578 2162 vt
612 2125 661 2163 ut
683 2119 871 2177 primum
892 2118 1095 2175 fatigatus
1117 2118 1318 2177 spiritum
1339 2117 1517 2172 laxavit,
1551 2131 1679 2175 quem
1701 2124 1847 2162 metus
1868 2125 1912 2162 et

537 2182 774 2238 periculum
805 2182 1104 2237 intenderant,
1126 2181 1249 2226 nullo
1281 2179 1531 2240 adjuvante,
1568 2180 1747 2241 (quippe
1767 2181 1814 2224 in
1847 2181 1914 2225 di-

538 2260 707 2290 versum
737 2251 963 2291 evaserant
1006 2244 1116 2305 alii,)
1162 2244 1436 2289 exanimatus
1468 2250 1551 2290 est.
1633 2244 1732 2288 Rex
1764 2244 1911 2288 amissi

536 2307 626 2366 ejus
658 2308 876 2353 desiderio
919 2309 1201 2354 vehementer
1248 2308 1433 2354 afflictus
1479 2313 1558 2362 est,
1603 2315 1907 2367 repertumque

536 2385 690 2432 eorpus
725 2372 958 2430 magnifico
990 2372 1150 2418 extulit
1181 2371 1347 2416 funere.
1411 2370 1626 2416 Oneravit
1648 2371 1764 2415 hunc
1786 2371 1913 2416 dolo·

536 2450 624 2479 rem
679 2436 862 2482 nuncius
921 2436 1074 2482 mortis
1117 2434 1428 2489 Andromachi,
1473 2449 1603 2494 quem
1646 2434 1913 2493 praefecerat

538 2499 719 2558 Syriae;
752 2500 898 2544 vivum
934 2499 1174 2545 Samaritae
1206 2505 1518 2543 cremaverant.
1605 2497 1679 2542 Ad
1701 2498 1825 2557 cujus
1847 2498 1915 2542 in-

504 2592 508 2596 ·
537 2563 713 2609 teritum
745 2563 1070 2618 vindicandum,
1104 2567 1269 2622 quanta
1291 2562 1480 2605 maxima
1501 2561 1723 2607 celeritate
1754 2562 1914 2620 potuit,

535 2627 775 2682 contendit,
798 2627 1136 2684 advenientique
1157 2632 1261 2671 sunt
1274 2625 1426 2671 traditi
1448 2625 1561 2670 tanti
1575 2625 1746 2670 sceleris
1763 2631 1913 2670 aucto-

536 2705 616 2734 res.
683 2690 994 2736 Andromacho
1016 2691 1177 2735 deinde
1201 2690 1439 2734 Memnona
1461 2688 1715 2741 substituit3
1749 2687 1912 2734 affectis

537 2753 758 2813 supplicio,
781 2755 856 2812 qui
871 2761 1116 2814 praetorem
1138 2754 1462 2799 interemerant.
1531 2752 1776 2812 Tyrannos‚
1796 2752 1912 2797 inter

538 2831 608 2861 eos
631 2814 1038 2878 Methymnaeorum
1064 2817 1359 2863 Aristonicum
1377 2821 1422 2862 et
1447 2815 1750 2876 Chrysolaum,
1772 2831 1855 2875 pos„-

537 2880 697 2927 laribus
718 2882 806 2927 suis
827 2882 1036 2937 tradidit;
1061 2895 1169 2939 quos
1190 2881 1256 2925 iili
1277 2881 1333 2926 ob
1363 2879 1544 2939 injurias
1568 2885 1707 2925 tortos
1729 2893 1912 2925 necave-

537 2949 656 2989 runt.
740 2946 1077 2992 Atheniensium
1110 2945 1286 2997 deinde,
1318 2943 1593 2988 Rhodiorum
1626 2948 1670 2989 ct
1702 2941 1911 2987 Chiorum

538 3007 703 3065 legatos
718 3010 855 3058 audit.
893 3010 1182 3059 Athenienses
1204 3006 1431 3054 victoriam
1454 3006 1851 3066 gratulabantur‚et
1866 3012 1915 3051 ut
