2208 3440
468 279 527 325 56
822 278 1048 335 QUINTI
1083 277 1305 324 CURTlI
1341 275 1496 324 RUFI

466 406 705 468 composito
725 405 915 465 agmine,
939 404 1242 452 antecedebat.
1306 404 1393 451 Sed
1428 405 1658 451 Persarum
1692 404 1840 467 explo-

466 477 630 519 ratores
660 473 788 516 erant
823 466 942 515 mille
972 468 1120 523 ferme,
1161 468 1232 526 qui
1264 468 1448 528 speciem
1481 468 1668 529 agminis
1699 469 1841 528 magni

464 535 686 581 fecerant:
718 531 880 593 quippe
910 531 986 578 ubi
1019 531 1237 592 explorari
1268 546 1372 579 vera
1401 547 1492 579 non
1513 540 1710 593 possunt,
1733 532 1841 579 falsa

463 612 540 657 per
560 601 725 643 metum
747 602 1034 656 augurantur.
1099 593 1186 640 His
1216 594 1418 655 cognitis,
1451 611 1530 642 rex
1560 609 1659 642 cum
1692 596 1840 656 paucis

462 674 639 706 suorum
670 665 926 719 assequutus
958 672 1119 719 agmen
1150 657 1458 719 refugientium
1492 659 1550 706 ad
1582 673 1698 714 suos,
1730 659 1839 705 alios

461 723 632 780 cecidit,
663 724 772 770 alios
802 723 950 784 oepit:
985 722 1238 782 equitesque
1268 723 1494 783 praemisit
1525 721 1655 769 simul
1687 737 1838 783 specu-

460 787 614 847 latum,
638 787 763 833 simul
796 793 847 834 ut
867 787 1028 847 ignem,
1052 799 1137 844 quo
1156 784 1341 833 Barbari
1372 791 1673 833 cremaverant
1704 786 1836 841 vicos,

460 851 769 911 extinguerent
793 867 803 897 ε
838 852 1001 911 quippe
1020 849 1237 909 fugientes
1257 849 1417 910 raptim
1439 850 1568 897 tectis
1589 850 1838 911 acervisque

461 914 664 960 frumenti
709 913 952 974 injecerant
994 912 1204 966 flammas,
1236 928 1347 973 quae
1392 927 1525 972 quum
1572 914 1619 960 in
1668 928 1837 960 summo

459 977 711 1032 haesissent,
745 977 803 1023 ad
832 977 1038 1024 inferiora
1081 976 1277 1035 nondum
1326 983 1678 1038 penetraverant.
1745 977 1837 1024 Ex-

459 1041 598 1087 tincto
628 1041 765 1100 igitur
794 1041 911 1100 igne,
944 1040 1178 1102 plurimum
1222 1041 1428 1087 frumenti
1470 1047 1694 1102 repertum
1738 1051 1834 1088 est:

459 1104 588 1165 copia
610 1104 792 1151 aliarum
815 1118 984 1164 quoque
1019 1119 1165 1151 rerum
1196 1104 1418 1151 abundare
1450 1111 1703 1166 coeperunt.
1770 1104 1837 1150 Ea

455 1184 525 1215 res
546 1168 640 1229 ipsa
659 1168 789 1215 militi
810 1168 867 1214 ad
889 1167 1234 1229 persequendum
1255 1169 1427 1215 hostem
1459 1168 1654 1214 animum
1683 1168 1833 1215 incen-

456 1232 548 1286 dit;
583 1232 758 1293 quippe,
775 1239 930 1279 urente
951 1238 997 1280 et
1018 1232 1255 1293 populante
1270 1247 1323 1278 eo
1345 1237 1519 1284 terram,
1535 1231 1833 1279 festinandum

455 1302 562 1352 erat,
586 1310 643 1342 ne
661 1295 867 1342 incendio
887 1301 1047 1343 cuncta
1067 1295 1348 1357 praeriperet.
1415 1296 1468 1342 In
1490 1295 1705 1342 rationem
1727 1311 1835 1357 ergo

455 1360 687 1406 necessitas
707 1374 862 1415 versa3
896 1360 1057 1421 quippe
1089 1360 1305 1416 Mazaeus,
1339 1359 1414 1420 qui
1443 1365 1575 1406 antea
1595 1374 1674 1421 per
1695 1360 1833 1407 otium

455 1424 570 1469 vicos
592 1422 862 1479 incenderat,
887 1423 981 1484 jam
1012 1424 1166 1484 fugere
1197 1428 1442 1479 contentus,
1466 1422 1672 1486 pleraque
1692 1423 1833 1469 invio-

453 1487 542 1534 lata
572 1486 688 1533 hosti
719 1486 908 1548 reliquit.
985 1487 1239 1534 Alexander
1283 1487 1400 1534 haud
1450 1486 1624 1546 longius
1655 1493 1832 1534 centum

453 1550 768 1610 quinquaginta
788 1550 940 1598 stadiis
962 1551 1146 1598 Darium
1171 1551 1321 1598 abesse
1352 1557 1652 1611 compererat;
1685 1550 1831 1610 itaque

451 1614 509 1660 ad
550 1614 796 1662 satietatem
838 1629 1009 1676 quoque
1050 1616 1175 1676 copia
1216 1621 1539 1662 commeatuum
1581 1614 1832 1670 instructus,
1865 1670 1867 1673 ι

453 1677 686 1737 quatriduo
705 1678 752 1723 in
775 1679 930 1724 eodem
952 1679 1049 1726 loco
1070 1679 1278 1726 substitit.

516 1740 639 1788 XLI.
673 1741 951 1802 Interceptae
982 1742 1144 1789 deinde
1176 1742 1303 1789 Darii
1334 1741 1489 1789 literae
1521 1748 1639 1799 sunt,
1674 1742 1830 1801 quibus

454 1805 614 1852 Graeci
634 1806 796 1854 milites
815 1806 1158 1863 solicitabantur,
1177 1811 1228 1853 ut
1248 1820 1396 1867 regem
1417 1812 1494 1852 aut
1514 1806 1828 1862 interficerent,

451 1875 527 1917 aut
548 1869 788 1929 proderent
811 1885 821 1916 :
856 1870 1172 1929 dubitavitque‚
1196 1885 1251 1916 an
1273 1885 1346 1917 eas
1377 1884 1456 1930 pro
1488 1870 1699 1916 concione
1720 1870 1829 1916 reci-

452 1939 578 1988 taret,
602 1934 706 1980 satis
727 1933 914 1981 confisus
938 1934 1207 1980 Graecorum
1238 1948 1411 1994 quoque
1441 1948 1549 1993 erga
1570 1949 1617 1979 se
1639 1934 1828 1983 benevo-

449 1997 610 2044 lentiae
639 2012 689 2043 ac
718 1996 841 2042 fidei.
920 1998 1010 2044 Sed
1043 1997 1276 2044 Parmenio
1308 1997 1558 2051 deterruit;
1605 2011 1696 2042 non
1734 2013 1828 2043 esse

451 2061 611 2109 talibus
631 2060 853 2122 promissis
873 2061 1132 2108 imbuendas
1161 2075 1286 2107 aures
1319 2061 1506 2108 militum
1531 2077 1541 2107 :
1576 2066 1727 2120 patere
1758 2062 1828 2107 vel

446 2126 577 2171 unius
606 2125 775 2171 insidiis
795 2139 971 2185 regem:
1018 2124 1129 2172 nihil
1169 2125 1290 2172 nefas
1331 2140 1425 2171 esse
1462 2124 1685 2171 avaritiae.
1751 2123 1828 2171 Se-

447 2195 609 2248 quutus
640 2188 810 2235 consilii
841 2196 1074 2245 auctorem,
1108 2195 1251 2235 castra
1293 2189 1446 2242 movit.
1528 2188 1619 2235 Iter
1649 2187 1826 2235 facienti

446 2253 595 2314 spado,
618 2267 731 2300 unus
753 2267 809 2299 ex.
830 2254 1012 2314 captivis
1033 2253 1107 2312 qui
1130 2252 1256 2298 Darii
1279 2268 1460 2299 uxorem
1480 2252 1818 2308 comitabantur,

444 2318 629 2363 deficere
650 2332 743 2363 eam
766 2317 961 2373 nunciat,
994 2324 1039 2364 et
1070 2317 1143 2363 vix
1176 2316 1373 2377 spiritum
1405 2317 1580 2363 ducere.
1647 2314 1820 2363 Itineris

443 2381 639 2429 continui
683 2380 835 2427 labore
881 2381 1099 2442 animique
1145 2380 1421 2440 aegritudine
1461 2380 1660 2440 fatigata,
1705 2380 1820 2426 inter

456 2486 458 2490 ,
484 2460 588 2491 ›crus
609 2451 654 2492 et
675 2445 887 2504 virginum
907 2445 1095 2492 filiarum
1125 2459 1277 2491 manus
1308 2444 1497 2505 collapsa
1527 2450 1635 2500 erat,
1659 2443 1819 2490 deinde

446 2525 490 2555 ·›·:
534 2509 760 2555 extincta:
794 2508 839 2555 id
872 2509 1019 2571 ipsum¹
1043 2509 1260 2555 nuncians·
1284 2508 1394 2555 alius
1426 2508 1694 2569 supervenit.
1759 2506 1819 2555 Et

443 2587 535 2629 rex,
575 2573 693 2619 haud
725 2587 849 2620 secus
879 2587 1009 2632 quam
1040 2573 1076 2619 si
1094 2573 1298 2633 ,parentis
1329 2588 1432 2620 suae
1463 2587 1579 2619 mors
1611 2572 1817 2619 nunciata

444 2643 572 2693 esset,
589 2637 762 2686 crebros
783 2636 923 2684 edidit
943 2637 1162 2697 gemitus:
1186 2637 1460 2697 lacrimisque
1481 2636 1648 2683 obortis
1669 2636 1816 2695 quales

446 2701 609 2747 Darius
629 2700 906 2761 profudisset,
929 2701 975 2747 in
997 2701 1339 2757 tabernaculum,
1362 2701 1408 2751 in
1440 2715 1528 2760 quo
1551 2706 1692 2758 mater
1722 2707 1815 2747 erat

445 2764 587 2822 Darii,
608 2764 816 2811 defuncto
836 2764 1030 2811 assidens
1051 2764 1234 2826 corpori,
1256 2765 1391 2812 venit.
1456 2765 1547 2811 Hic
1564 2778 1667 2809 vero
1688 2779 1813 2811 reno-

443 2835 569 2875 vatus
600 2834 667 2876 est
697 2843 882 2884 moeror,
912 2834 962 2876 ut
993 2834 1255 2890 prostratam
1297 2829 1415 2875 humi
1461 2828 1604 2875 vidit:
1649 2828 1814 2875 recenti

443 2892 558 2940 malo
578 2893 771 2953 priorum
804 2905 974 2952 quoque
1004 2893 1241 2950 admonita,
1274 2898 1493 2954 receperat
1524 2892 1570 2937 in
1600 2892 1814 2953 gremium

443 2957 613 3008 adultas
644 2957 842 3017 virgines,
875 2972 1043 3019 magna-
1073 2957 1247 3017 quidem
1278 2958 1418 3021 mutui
1450 2956 1614 3004 doloris
1646 2956 1831 3014 solatia„

2072 1764 2084 1771 ε
2067 1751 2070 1753 “
2075 1714 2081 1721 ⁶
2070 1473 2090 1703 §mex-:awemw
2082 1461 2086 1465 ι
2075 1382 2093 1454 aaz«
2079 1367 2095 1374 ,¹

2075 1026 2097 1279 effiffszss-
2077 978 2090 991 ῖ-

2085 1280 2096 1356 ruf-ssu,-
