<?xml version="1.0" encoding="UTF-8"?>
<!DOCTYPE html PUBLIC "-//W3C//DTD XHTML 1.0 Transitional//EN"
    "http://www.w3.org/TR/xhtml1/DTD/xhtml1-transitional.dtd">
<html xmlns="http://www.w3.org/1999/xhtml" xml:lang="en" lang="en">
 <head>
  <title>
</title>
<meta http-equiv="Content-Type" content="text/html;charset=utf-8" />
  <meta name='ocr-system' content='tesseract 3.04.00' />
  <meta name='ocr-capabilities' content='ocr_page ocr_carea ocr_par ocr_line ocrx_word'/>
</head>
<body>
  <div class='ocr_page' id='page_1' title='image "./cihm_28592_0044.png"; bbox 0 0 2208 3424; ppageno 0'>
   <div class='ocr_carea' id='block_1_1' title="bbox 0 1651 381 3054">
    <p class='ocr_par' dir='ltr' id='par_1_1' title="bbox 0 1651 381 3054">
     <span class='ocr_line' id='line_1_1' title="bbox 0 1651 168 1969; baseline 0 -121"><span class='ocrx_word' id='word_1_1' title='bbox 0 1651 168 1969; x_wconf 95' lang='lat' dir='ltr'><strong>      </strong></span> 
     </span>
     <span class='ocr_line' id='line_1_2' title="bbox 0 1969 164 2161; baseline 0 -66"><span class='ocrx_word' id='word_1_2' title='bbox 0 1969 164 2161; x_wconf 95' lang='lat' dir='ltr'><strong>    </strong></span> 
     </span>
     <span class='ocr_line' id='line_1_3' title="bbox 0 2161 162 2288; baseline 0 0"><span class='ocrx_word' id='word_1_3' title='bbox 0 2161 162 2288; x_wconf 95' lang='lat' dir='ltr'><strong>  </strong></span> 
     </span>
     <span class='ocr_line' id='line_1_4' title="bbox 0 2288 160 2415; baseline 0 -64"><span class='ocrx_word' id='word_1_4' title='bbox 0 2288 160 2415; x_wconf 95' lang='lat' dir='ltr'><strong>   </strong></span> 
     </span>
     <span class='ocr_line' id='line_1_5' title="bbox 0 2415 158 2670; baseline 0.019 -125"><span class='ocrx_word' id='word_1_5' title='bbox 0 2415 158 2670; x_wconf 95' lang='lat' dir='ltr'><strong>    </strong></span> 
     </span>
     <span class='ocr_line' id='line_1_6' title="bbox 0 2670 149 2860; baseline 0 -58"><span class='ocrx_word' id='word_1_6' title='bbox 0 2670 149 2860; x_wconf 95' lang='lat' dir='ltr'><strong>   </strong></span> 
     </span>
     <span class='ocr_line' id='line_1_7' title="bbox 0 2860 149 2924; baseline 0 500"><span class='ocrx_word' id='word_1_7' title='bbox 0 2860 149 2924; x_wconf 95' lang='lat' dir='ltr'><strong> </strong></span> 
     </span>
     <span class='ocr_line' id='line_1_8' title="bbox 0 2924 381 3054; baseline 0 -67"><span class='ocrx_word' id='word_1_8' title='bbox 0 2924 381 3054; x_wconf 95' lang='lat' dir='ltr'><strong>  </strong></span> 
     </span>
    </p>
   </div>
   <div class='ocr_carea' id='block_1_2' title="bbox 0 0 404 1651">
    <p class='ocr_par' dir='ltr' id='par_1_2' title="bbox 0 0 404 1651">
     <span class='ocr_line' id='line_1_9' title="bbox 0 0 404 519; baseline 0 0"><span class='ocrx_word' id='word_1_9' title='bbox 0 0 404 519; x_wconf 95' lang='lat' dir='ltr'><strong>     </strong></span> 
     </span>
     <span class='ocr_line' id='line_1_10' title="bbox 0 519 178 705; baseline 0 -61"><span class='ocrx_word' id='word_1_10' title='bbox 0 519 178 705; x_wconf 95' lang='lat' dir='ltr'><strong>   </strong></span> 
     </span>
     <span class='ocr_line' id='line_1_11' title="bbox 0 705 176 833; baseline 0 0"><span class='ocrx_word' id='word_1_11' title='bbox 0 705 176 833; x_wconf 95' lang='lat' dir='ltr'><strong>  </strong></span> 
     </span>
     <span class='ocr_line' id='line_1_12' title="bbox 0 833 176 895; baseline 0 2529"><span class='ocrx_word' id='word_1_12' title='bbox 0 833 176 895; x_wconf 95' lang='lat' dir='ltr'><strong> </strong></span> 
     </span>
     <span class='ocr_line' id='line_1_13' title="bbox 0 895 174 1272; baseline 0 -121"><span class='ocrx_word' id='word_1_13' title='bbox 0 895 174 1272; x_wconf 95' lang='lat' dir='ltr'><strong>      </strong></span> 
     </span>
     <span class='ocr_line' id='line_1_14' title="bbox 0 1272 172 1527; baseline 0 -69"><span class='ocrx_word' id='word_1_14' title='bbox 0 1272 172 1527; x_wconf 95' lang='lat' dir='ltr'><strong>     </strong></span> 
     </span>
     <span class='ocr_line' id='line_1_15' title="bbox 0 1527 168 1651; baseline 0 -61"><span class='ocrx_word' id='word_1_15' title='bbox 0 1527 168 1651; x_wconf 95' lang='lat' dir='ltr'><strong>  </strong></span> 
     </span>
    </p>
   </div>
   <div class='ocr_carea' id='block_1_3' title="bbox 413 297 1369 355">
    <p class='ocr_par' dir='ltr' id='par_1_3' title="bbox 413 297 1369 355">
     <span class='ocr_line' id='line_1_16' title="bbox 413 297 1369 355; baseline 0 -12"><span class='ocrx_word' id='word_1_16' title='bbox 413 299 474 345; x_wconf 78' lang='lat'><strong>38</strong></span> <span class='ocrx_word' id='word_1_17' title='bbox 717 350 721 355; x_wconf 50' lang='grc'><em>,</em></span> <span class='ocrx_word' id='word_1_18' title='bbox 817 298 1010 344; x_wconf 84' lang='lat' dir='ltr'>LIBER</span> <span class='ocrx_word' id='word_1_19' title='bbox 1045 297 1369 353; x_wconf 82' lang='lat' dir='ltr'><strong>QUARTUS.</strong></span> 
     </span>
    </p>
   </div>
   <div class='ocr_carea' id='block_1_4' title="bbox 361 422 1790 3023">
    <p class='ocr_par' dir='ltr' id='par_1_4' title="bbox 400 422 1790 1117">
     <span class='ocr_line' id='line_1_17' title="bbox 417 422 1788 487; baseline -0.001 -15"><span class='ocrx_word' id='word_1_20' title='bbox 417 440 542 487; x_wconf 88' lang='lat' dir='ltr'><strong>opus,</strong></span> <span class='ocrx_word' id='word_1_21' title='bbox 560 424 672 484; x_wconf 88' lang='lat' dir='ltr'><strong>quod</strong></span> <span class='ocrx_word' id='word_1_22' title='bbox 690 424 910 485; x_wconf 87' lang='lat' dir='ltr'><strong>stipitibus</strong></span> <span class='ocrx_word' id='word_1_23' title='bbox 930 423 1073 470; x_wconf 83' lang='lat' dir='ltr'><strong>fuerat</strong></span> <span class='ocrx_word' id='word_1_24' title='bbox 1094 424 1312 481; x_wconf 86' lang='lat' dir='ltr'><strong>innixum,</strong></span> <span class='ocrx_word' id='word_1_25' title='bbox 1343 422 1632 472; x_wconf 82' lang='lat' dir='ltr'><strong>fundamento</strong></span> <span class='ocrx_word' id='word_1_26' title='bbox 1662 424 1788 486; x_wconf 82' lang='lat' dir='ltr'><strong>lapso</strong></span> 
     </span>
     <span class='ocr_line' id='line_1_18' title="bbox 413 487 1784 548; baseline -0.001 -13"><span class='ocrx_word' id='word_1_27' title='bbox 413 489 685 548; x_wconf 75' lang='lat' dir='ltr'><strong>sequebatur.</strong></span> <span class='ocrx_word' id='word_1_28' title='bbox 748 488 899 547; x_wconf 89' lang='lat' dir='ltr'><strong>Aegro</strong></span> <span class='ocrx_word' id='word_1_29' title='bbox 929 487 1063 533; x_wconf 89' lang='lat' dir='ltr'><strong>animi</strong></span> <span class='ocrx_word' id='word_1_30' title='bbox 1093 487 1363 544; x_wconf 83' lang='lat' dir='ltr'><strong>Alexandro,</strong></span> <span class='ocrx_word' id='word_1_31' title='bbox 1396 494 1440 534; x_wconf 87' lang='lat' dir='ltr'><strong>ct</strong></span> <span class='ocrx_word' id='word_1_32' title='bbox 1462 494 1608 534; x_wconf 87' lang='lat' dir='ltr'><strong>utrum</strong></span> <span class='ocrx_word' id='word_1_33' title='bbox 1641 503 1784 547; x_wconf 86' lang='lat' dir='ltr'><strong>perse-</strong></span> 
     </span>
     <span class='ocr_line' id='line_1_19' title="bbox 414 551 1790 613; baseline 0.001 -15"><span class='ocrx_word' id='word_1_34' title='bbox 414 556 596 606; x_wconf 87' lang='lat' dir='ltr'><strong>veraret,</strong></span> <span class='ocrx_word' id='word_1_35' title='bbox 631 566 688 597; x_wconf 89' lang='lat' dir='ltr'><strong>an</strong></span> <span class='ocrx_word' id='word_1_36' title='bbox 717 552 870 605; x_wconf 89' lang='lat' dir='ltr'><strong>abiret,</strong></span> <span class='ocrx_word' id='word_1_37' title='bbox 894 551 998 597; x_wconf 88' lang='lat' dir='ltr'><strong>satis</strong></span> <span class='ocrx_word' id='word_1_38' title='bbox 1028 551 1209 606; x_wconf 85' lang='lat' dir='ltr'><strong>incerto,</strong></span> <span class='ocrx_word' id='word_1_39' title='bbox 1244 552 1389 597; x_wconf 87' lang='lat' dir='ltr'><strong>classis</strong></span> <span class='ocrx_word' id='word_1_40' title='bbox 1423 552 1569 613; x_wconf 88' lang='lat' dir='ltr'><strong>Cypro</strong></span> <span class='ocrx_word' id='word_1_41' title='bbox 1593 551 1790 608; x_wconf 70' lang='lat' dir='ltr'><strong>advenit,</strong></span> 
     </span>
     <span class='ocr_line' id='line_1_20' title="bbox 410 614 1782 675; baseline 0.002 -16"><span class='ocrx_word' id='word_1_42' title='bbox 410 616 648 673; x_wconf 86' lang='lat' dir='ltr'><strong>eodemque</strong></span> <span class='ocrx_word' id='word_1_43' title='bbox 678 620 874 675; x_wconf 89' lang='lat' dir='ltr'><strong>tempore</strong></span> <span class='ocrx_word' id='word_1_44' title='bbox 906 614 1123 659; x_wconf 82' lang='lat' dir='ltr'>Cleander</span> <span class='ocrx_word' id='word_1_45' title='bbox 1153 629 1253 659; x_wconf 88' lang='lat' dir='ltr'><strong>cum</strong></span> <span class='ocrx_word' id='word_1_46' title='bbox 1288 615 1466 661; x_wconf 83' lang='lat' dir='ltr'><strong>Graecis</strong></span> <span class='ocrx_word' id='word_1_47' title='bbox 1496 615 1703 661; x_wconf 86' lang='lat' dir='ltr'>militibus</span> <span class='ocrx_word' id='word_1_48' title='bbox 1733 616 1782 662; x_wconf 86' lang='lat' dir='ltr'><strong>in</strong></span> 
     </span>
     <span class='ocr_line' id='line_1_21' title="bbox 408 678 1779 738; baseline 0.001 -15"><span class='ocrx_word' id='word_1_49' title='bbox 408 678 560 724; x_wconf 81' lang='lat' dir='ltr'><strong>Asiam</strong></span> <span class='ocrx_word' id='word_1_50' title='bbox 591 693 731 738; x_wconf 82' lang='lat' dir='ltr'>nuper</span> <span class='ocrx_word' id='word_1_51' title='bbox 761 679 982 724; x_wconf 90' lang='lat' dir='ltr'><strong>advectus.</strong></span> <span class='ocrx_word' id='word_1_52' title='bbox 1049 678 1241 723; x_wconf 83' lang='lat' dir='ltr'><strong>Centum</strong></span> <span class='ocrx_word' id='word_1_53' title='bbox 1273 684 1317 724; x_wconf 87' lang='lat' dir='ltr'><strong>et</strong></span> <span class='ocrx_word' id='word_1_54' title='bbox 1348 678 1573 738; x_wconf 88' lang='lat' dir='ltr'><strong>octoginta</strong></span> <span class='ocrx_word' id='word_1_55' title='bbox 1603 679 1779 725; x_wconf 89' lang='lat' dir='ltr'><strong>navium</strong></span> 
     </span>
     <span class='ocr_line' id='line_1_22' title="bbox 408 740 1782 802; baseline 0.001 -16"><span class='ocrx_word' id='word_1_56' title='bbox 408 741 587 788; x_wconf 80' lang='lat' dir='ltr'><strong>classem</strong></span> <span class='ocrx_word' id='word_1_57' title='bbox 608 742 655 787; x_wconf 90' lang='lat' dir='ltr'><strong>in</strong></span> <span class='ocrx_word' id='word_1_58' title='bbox 677 741 766 787; x_wconf 85' lang='lat' dir='ltr'><strong>duo</strong></span> <span class='ocrx_word' id='word_1_59' title='bbox 787 741 946 787; x_wconf 87' lang='lat' dir='ltr'><strong>dividit</strong></span> <span class='ocrx_word' id='word_1_60' title='bbox 968 755 1159 794; x_wconf 88' lang='lat' dir='ltr'><strong>cornua;</strong></span> <span class='ocrx_word' id='word_1_61' title='bbox 1194 740 1367 786; x_wconf 88' lang='lat' dir='ltr'><strong>laevum</strong></span> <span class='ocrx_word' id='word_1_62' title='bbox 1390 741 1678 802; x_wconf 75' lang='lat' dir='ltr'><strong>PnytagoraS,</strong></span> <span class='ocrx_word' id='word_1_63' title='bbox 1702 757 1782 787; x_wconf 87' lang='lat' dir='ltr'><strong>rex</strong></span> 
     </span>
     <span class='ocr_line' id='line_1_23' title="bbox 408 804 1780 865; baseline 0.001 -17"><span class='ocrx_word' id='word_1_64' title='bbox 408 804 685 865; x_wconf 83' lang='lat' dir='ltr'><strong>Cypriorum,</strong></span> <span class='ocrx_word' id='word_1_65' title='bbox 729 820 825 850; x_wconf 89' lang='lat' dir='ltr'><strong>cum</strong></span> <span class='ocrx_word' id='word_1_66' title='bbox 870 804 1052 850; x_wconf 85' lang='lat' dir='ltr'><strong>Cratero</strong></span> <span class='ocrx_word' id='word_1_67' title='bbox 1094 805 1335 849; x_wconf 86' lang='lat' dir='ltr'><strong>tuebatur:</strong></span> <span class='ocrx_word' id='word_1_68' title='bbox 1385 804 1684 851; x_wconf 83' lang='lat' dir='ltr'><strong>Alexandrum</strong></span> <span class='ocrx_word' id='word_1_69' title='bbox 1732 805 1780 850; x_wconf 90' lang='lat' dir='ltr'><strong>in</strong></span> 
     </span>
     <span class='ocr_line' id='line_1_24' title="bbox 404 866 1777 927; baseline 0.001 -15"><span class='ocrx_word' id='word_1_70' title='bbox 404 868 563 915; x_wconf 81' lang='lat' dir='ltr'><strong>dextro</strong></span> <span class='ocrx_word' id='word_1_71' title='bbox 594 868 915 927; x_wconf 85' lang='lat' dir='ltr'><strong>quinqueremis</strong></span> <span class='ocrx_word' id='word_1_72' title='bbox 935 868 1057 926; x_wconf 87' lang='lat' dir='ltr'><strong>regia</strong></span> <span class='ocrx_word' id='word_1_73' title='bbox 1078 866 1283 912; x_wconf 88' lang='lat' dir='ltr'><strong>vehebat.</strong></span> <span class='ocrx_word' id='word_1_74' title='bbox 1346 867 1442 912; x_wconf 86' lang='lat' dir='ltr'><strong>Nec</strong></span> <span class='ocrx_word' id='word_1_75' title='bbox 1467 868 1604 927; x_wconf 79' lang='lat' dir='ltr'><strong>Tyrii,</strong></span> <span class='ocrx_word' id='word_1_76' title='bbox 1629 882 1777 925; x_wconf 87' lang='lat' dir='ltr'><strong>quam-</strong></span> 
     </span>
     <span class='ocr_line' id='line_1_25' title="bbox 405 930 1777 989; baseline -0.001 -12"><span class='ocrx_word' id='word_1_77' title='bbox 405 946 533 989; x_wconf 89' lang='lat' dir='ltr'><strong>quam</strong></span> <span class='ocrx_word' id='word_1_78' title='bbox 567 931 747 977; x_wconf 86' lang='lat' dir='ltr'><strong>classem</strong></span> <span class='ocrx_word' id='word_1_79' title='bbox 777 932 1011 986; x_wconf 81' lang='lat' dir='ltr'><strong>habebant,</strong></span> <span class='ocrx_word' id='word_1_80' title='bbox 1058 931 1152 975; x_wconf 85' lang='lat' dir='ltr'><strong>ausi</strong></span> <span class='ocrx_word' id='word_1_81' title='bbox 1190 930 1345 975; x_wconf 86' lang='lat' dir='ltr'><strong>navale</strong></span> <span class='ocrx_word' id='word_1_82' title='bbox 1387 931 1499 975; x_wconf 89' lang='lat' dir='ltr'><strong>inire</strong></span> <span class='ocrx_word' id='word_1_83' title='bbox 1542 939 1777 987; x_wconf 87' lang='lat' dir='ltr'><strong>certamen,</strong></span> 
     </span>
     <span class='ocr_line' id='line_1_26' title="bbox 400 994 1778 1053; baseline 0.001 -14"><span class='ocrx_word' id='word_1_84' title='bbox 400 1001 490 1040; x_wconf 91' lang='lat' dir='ltr'><strong>tres</strong></span> <span class='ocrx_word' id='word_1_85' title='bbox 523 995 703 1039; x_wconf 88' lang='lat' dir='ltr'><strong>omnino</strong></span> <span class='ocrx_word' id='word_1_86' title='bbox 726 1010 858 1039; x_wconf 83' lang='lat' dir='ltr'><strong>naves</strong></span> <span class='ocrx_word' id='word_1_87' title='bbox 881 1000 984 1040; x_wconf 88' lang='lat' dir='ltr'><strong>ante</strong></span> <span class='ocrx_word' id='word_1_88' title='bbox 1015 994 1108 1053; x_wconf 86' lang='lat' dir='ltr'><strong>ipsa</strong></span> <span class='ocrx_word' id='word_1_89' title='bbox 1131 994 1302 1039; x_wconf 80' lang='lat' dir='ltr'><strong>moenia</strong></span> <span class='ocrx_word' id='word_1_90' title='bbox 1334 1000 1649 1053; x_wconf 87' lang='lat' dir='ltr'><strong>opposuerunt,</strong></span> <span class='ocrx_word' id='word_1_91' title='bbox 1683 995 1778 1053; x_wconf 87' lang='lat' dir='ltr'><strong>qui·</strong></span> 
     </span>
     <span class='ocr_line' id='line_1_27' title="bbox 402 1057 1179 1117; baseline 0 -15"><span class='ocrx_word' id='word_1_92' title='bbox 402 1058 484 1103; x_wconf 87' lang='lat' dir='ltr'><strong>bus</strong></span> <span class='ocrx_word' id='word_1_93' title='bbox 505 1073 584 1102; x_wconf 85' lang='lat' dir='ltr'><strong>rex</strong></span> <span class='ocrx_word' id='word_1_94' title='bbox 604 1058 802 1104; x_wconf 88' lang='lat' dir='ltr'><strong>invectus</strong></span> <span class='ocrx_word' id='word_1_95' title='bbox 822 1059 938 1117; x_wconf 89' lang='lat' dir='ltr'><strong>ipsas</strong></span> <span class='ocrx_word' id='word_1_96' title='bbox 959 1057 1179 1102; x_wconf 80' lang='lat' dir='ltr'><strong>demersit.</strong></span> 
     </span>
    </p>

    <p class='ocr_par' dir='ltr' id='par_1_5' title="bbox 364 1119 1780 1432">
     <span class='ocr_line' id='line_1_28' title="bbox 464 1119 1779 1178; baseline 0 -12"><span class='ocrx_word' id='word_1_97' title='bbox 464 1119 593 1166; x_wconf 88' lang='lat' dir='ltr'><strong>XIII.</strong></span> <span class='ocrx_word' id='word_1_98' title='bbox 629 1121 809 1167; x_wconf 88' lang='lat' dir='ltr'><strong>Postera</strong></span> <span class='ocrx_word' id='word_1_99' title='bbox 830 1121 916 1176; x_wconf 86' lang='lat' dir='ltr'><strong>die,</strong></span> <span class='ocrx_word' id='word_1_100' title='bbox 937 1121 1073 1166; x_wconf 88' lang='lat' dir='ltr'><strong>classe</strong></span> <span class='ocrx_word' id='word_1_101' title='bbox 1093 1120 1150 1165; x_wconf 89' lang='lat' dir='ltr'><strong>ad</strong></span> <span class='ocrx_word' id='word_1_102' title='bbox 1182 1121 1353 1165; x_wconf 87' lang='lat' dir='ltr'><strong>moenia</strong></span> <span class='ocrx_word' id='word_1_103' title='bbox 1373 1120 1562 1176; x_wconf 86' lang='lat' dir='ltr'><strong>admota,</strong></span> <span class='ocrx_word' id='word_1_104' title='bbox 1586 1119 1779 1178; x_wconf 89' lang='lat' dir='ltr'><strong>undique</strong></span> 
     </span>
     <span class='ocr_line' id='line_1_29' title="bbox 401 1184 1771 1243; baseline 0.001 -15"><span class='ocrx_word' id='word_1_105' title='bbox 401 1185 644 1239; x_wconf 84' lang='lat' dir='ltr'><strong>tormentis,</strong></span> <span class='ocrx_word' id='word_1_106' title='bbox 690 1191 734 1230; x_wconf 88' lang='lat' dir='ltr'><strong>et</strong></span> <span class='ocrx_word' id='word_1_107' title='bbox 773 1185 962 1230; x_wconf 84' lang='lat' dir='ltr'><strong>maxime</strong></span> <span class='ocrx_word' id='word_1_108' title='bbox 1004 1185 1188 1229; x_wconf 88' lang='lat' dir='ltr'><strong>arietum</strong></span> <span class='ocrx_word' id='word_1_109' title='bbox 1226 1184 1367 1243; x_wconf 87' lang='lat' dir='ltr'><strong>pulsu,</strong></span> <span class='ocrx_word' id='word_1_110' title='bbox 1408 1200 1554 1230; x_wconf 86' lang='lat' dir='ltr'><strong>muros</strong></span> <span class='ocrx_word' id='word_1_111' title='bbox 1597 1184 1771 1242; x_wconf 87' lang='lat' dir='ltr'><strong>quatit;</strong></span> 
     </span>
     <span class='ocr_line' id='line_1_30' title="bbox 401 1247 1774 1308; baseline -0.001 -15"><span class='ocrx_word' id='word_1_112' title='bbox 401 1262 508 1305; x_wconf 87' lang='lat' dir='ltr'><strong>quos</strong></span> <span class='ocrx_word' id='word_1_113' title='bbox 553 1247 678 1308; x_wconf 70' lang='lat' dir='ltr'><strong>Tyrii</strong></span> <span class='ocrx_word' id='word_1_114' title='bbox 707 1249 865 1307; x_wconf 88' lang='lat' dir='ltr'><strong>raptim</strong></span> <span class='ocrx_word' id='word_1_115' title='bbox 897 1247 1130 1293; x_wconf 85' lang='lat' dir='ltr'><strong>obstructis</strong></span> <span class='ocrx_word' id='word_1_116' title='bbox 1161 1248 1277 1292; x_wconf 82' lang='lat' dir='ltr'><strong>saxis</strong></span> <span class='ocrx_word' id='word_1_117' title='bbox 1306 1249 1564 1303; x_wconf 87' lang='lat' dir='ltr'><strong>refecerunt,</strong></span> <span class='ocrx_word' id='word_1_118' title='bbox 1596 1247 1774 1293; x_wconf 83' lang='lat' dir='ltr'><strong>interio-</strong></span> 
     </span>
     <span class='ocr_line' id='line_1_31' title="bbox 402 1310 1780 1372; baseline 0.001 -18"><span class='ocrx_word' id='word_1_119' title='bbox 402 1325 494 1356; x_wconf 87' lang='lat' dir='ltr'><strong>rem</strong></span> <span class='ocrx_word' id='word_1_120' title='bbox 526 1325 695 1369; x_wconf 91' lang='lat' dir='ltr'><strong>quoquc</strong></span> <span class='ocrx_word' id='word_1_121' title='bbox 715 1316 903 1372; x_wconf 84' lang='lat' dir='ltr'><strong>murum,</strong></span> <span class='ocrx_word' id='word_1_122' title='bbox 927 1317 990 1364; x_wconf 86' lang='lat' dir='ltr'><strong>ut,</strong></span> <span class='ocrx_word' id='word_1_123' title='bbox 1025 1311 1061 1356; x_wconf 87' lang='lat' dir='ltr'><strong>si</strong></span> <span class='ocrx_word' id='word_1_124' title='bbox 1092 1311 1211 1369; x_wconf 88' lang='lat' dir='ltr'><strong>prior</strong></span> <span class='ocrx_word' id='word_1_125' title='bbox 1232 1310 1465 1365; x_wconf 80' lang='lat' dir='ltr'><strong>fefellisset,</strong></span> <span class='ocrx_word' id='word_1_126' title='bbox 1498 1310 1572 1356; x_wconf 91' lang='lat' dir='ltr'><strong>illo</strong></span> <span class='ocrx_word' id='word_1_127' title='bbox 1604 1325 1650 1355; x_wconf 89' lang='lat' dir='ltr'><strong>se</strong></span> <span class='ocrx_word' id='word_1_128' title='bbox 1679 1316 1780 1357; x_wconf 79' lang='lat' dir='ltr'><strong>tue-=</strong></span> 
     </span>
     <span class='ocr_line' id='line_1_32' title="bbox 364 1374 1773 1432; baseline 0.001 -14"><span class='ocrx_word' id='word_1_129' title='bbox 364 1380 563 1429; x_wconf 47' lang='lat' dir='ltr'><strong>nentur,</strong></span> <span class='ocrx_word' id='word_1_130' title='bbox 607 1375 706 1420; x_wconf 86' lang='lat' dir='ltr'><strong>orsi.</strong></span> <span class='ocrx_word' id='word_1_131' title='bbox 792 1376 881 1420; x_wconf 88' lang='lat' dir='ltr'><strong>Sed</strong></span> <span class='ocrx_word' id='word_1_132' title='bbox 913 1374 1105 1432; x_wconf 90' lang='lat' dir='ltr'><strong>undiquc</strong></span> <span class='ocrx_word' id='word_1_133' title='bbox 1138 1374 1202 1419; x_wconf 87' lang='lat' dir='ltr'><strong>vis</strong></span> <span class='ocrx_word' id='word_1_134' title='bbox 1237 1374 1338 1418; x_wconf 85' lang='lat' dir='ltr'><strong>mali</strong></span> <span class='ocrx_word' id='word_1_135' title='bbox 1371 1375 1592 1432; x_wconf 82' lang='lat' dir='ltr'><strong>urgebat:</strong></span> <span class='ocrx_word' id='word_1_136' title='bbox 1639 1375 1773 1420; x_wconf 86' lang='lat' dir='ltr'><strong>moles</strong></span> 
     </span>
    </p>

    <p class='ocr_par' dir='ltr' id='par_1_6' title="bbox 361 1437 1781 3023">
     <span class='ocr_line' id='line_1_33' title="bbox 400 1437 1773 1497; baseline 0.001 -17"><span class='ocrx_word' id='word_1_137' title='bbox 400 1437 517 1484; x_wconf 85' lang='lat' dir='ltr'><strong>intra</strong></span> <span class='ocrx_word' id='word_1_138' title='bbox 538 1437 616 1483; x_wconf 91' lang='lat' dir='ltr'><strong>teli</strong></span> <span class='ocrx_word' id='word_1_139' title='bbox 629 1437 799 1497; x_wconf 87' lang='lat' dir='ltr'><strong>jactum</strong></span> <span class='ocrx_word' id='word_1_140' title='bbox 822 1445 916 1485; x_wconf 84' lang='lat' dir='ltr'><strong>erat</strong></span> <span class='ocrx_word' id='word_1_141' title='bbox 938 1454 949 1492; x_wconf 92' lang='lat'>;</span> <span class='ocrx_word' id='word_1_142' title='bbox 981 1437 1128 1483; x_wconf 83' lang='lat' dir='ltr'><strong>classis</strong></span> <span class='ocrx_word' id='word_1_143' title='bbox 1158 1438 1330 1482; x_wconf 88' lang='lat' dir='ltr'><strong>moenia</strong></span> <span class='ocrx_word' id='word_1_144' title='bbox 1362 1438 1618 1483; x_wconf 80' lang='lat' dir='ltr'><strong>circumibat</strong></span> <span class='ocrx_word' id='word_1_145' title='bbox 1641 1452 1650 1489; x_wconf 90' lang='lat'>;</span> <span class='ocrx_word' id='word_1_146' title='bbox 1685 1445 1773 1483; x_wconf 85' lang='lat' dir='ltr'><strong>ter-</strong></span> 
     </span>
     <span class='ocr_line' id='line_1_34' title="bbox 400 1500 1770 1560; baseline 0 -16"><span class='ocrx_word' id='word_1_147' title='bbox 400 1501 529 1548; x_wconf 88' lang='lat' dir='ltr'><strong>restri</strong></span> <span class='ocrx_word' id='word_1_148' title='bbox 559 1501 688 1546; x_wconf 89' lang='lat' dir='ltr'><strong>simul</strong></span> <span class='ocrx_word' id='word_1_149' title='bbox 707 1502 938 1560; x_wconf 88' lang='lat' dir='ltr'><strong>navalique</strong></span> <span class='ocrx_word' id='word_1_150' title='bbox 958 1501 1083 1546; x_wconf 87' lang='lat' dir='ltr'><strong>clade</strong></span> <span class='ocrx_word' id='word_1_151' title='bbox 1114 1500 1430 1547; x_wconf 82' lang='lat' dir='ltr'><strong>obruebantur.</strong></span> <span class='ocrx_word' id='word_1_152' title='bbox 1497 1500 1673 1560; x_wconf 78' lang='lat' dir='ltr'><strong>Quippe</strong></span> <span class='ocrx_word' id='word_1_153' title='bbox 1705 1502 1770 1545; x_wconf 89' lang='lat' dir='ltr'><strong>bi-</strong></span> 
     </span>
     <span class='ocr_line' id='line_1_35' title="bbox 400 1563 1776 1622; baseline 0.002 -14"><span class='ocrx_word' id='word_1_154' title='bbox 400 1579 478 1611; x_wconf 90' lang='lat' dir='ltr'><strong>nas</strong></span> <span class='ocrx_word' id='word_1_155' title='bbox 510 1565 802 1622; x_wconf 85' lang='lat' dir='ltr'><strong>quadriremes</strong></span> <span class='ocrx_word' id='word_1_156' title='bbox 835 1565 1100 1611; x_wconf 81' lang='lat' dir='ltr'><strong>Macedones</strong></span> <span class='ocrx_word' id='word_1_157' title='bbox 1130 1564 1246 1610; x_wconf 86' lang='lat' dir='ltr'><strong>inter</strong></span> <span class='ocrx_word' id='word_1_158' title='bbox 1278 1563 1325 1609; x_wconf 65' lang='lat' dir='ltr'><strong>se?</strong></span> <span class='ocrx_word' id='word_1_159' title='bbox 1352 1565 1417 1610; x_wconf 89' lang='lat' dir='ltr'><strong>ita</strong></span> <span class='ocrx_word' id='word_1_160' title='bbox 1441 1564 1697 1622; x_wconf 75' lang='lat' dir='ltr'><strong>junxerant,</strong></span> <span class='ocrx_word' id='word_1_161' title='bbox 1720 1574 1776 1612; x_wconf 80' lang='lat' dir='ltr'><strong>ut:</strong></span> 
     </span>
     <span class='ocr_line' id='line_1_36' title="bbox 400 1627 1772 1688; baseline 0.001 -16"><span class='ocrx_word' id='word_1_162' title='bbox 400 1641 558 1687; x_wconf 89' lang='lat' dir='ltr'><strong>prorae</strong></span> <span class='ocrx_word' id='word_1_163' title='bbox 587 1628 880 1684; x_wconf 83' lang='lat' dir='ltr'><strong>cohaererent,</strong></span> <span class='ocrx_word' id='word_1_164' title='bbox 912 1644 1080 1688; x_wconf 84' lang='lat' dir='ltr'><strong>puppes</strong></span> <span class='ocrx_word' id='word_1_165' title='bbox 1110 1627 1355 1683; x_wconf 78' lang='lat' dir='ltr'><strong>intervallo,</strong></span> <span class='ocrx_word' id='word_1_166' title='bbox 1387 1633 1598 1685; x_wconf 84' lang='lat' dir='ltr'><strong>quantum</strong></span> <span class='ocrx_word' id='word_1_167' title='bbox 1620 1642 1772 1687; x_wconf 84' lang='lat' dir='ltr'><strong>capere</strong></span> 
     </span>
     <span class='ocr_line' id='line_1_37' title="bbox 396 1690 1770 1752; baseline -0.002 -13"><span class='ocrx_word' id='word_1_168' title='bbox 396 1696 589 1750; x_wconf 84' lang='lat' dir='ltr'><strong>possent,</strong></span> <span class='ocrx_word' id='word_1_169' title='bbox 611 1692 838 1738; x_wconf 86' lang='lat' dir='ltr'><strong>distarent.</strong></span> <span class='ocrx_word' id='word_1_170' title='bbox 904 1692 1005 1737; x_wconf 88' lang='lat' dir='ltr'><strong>Hoc</strong></span> <span class='ocrx_word' id='word_1_171' title='bbox 1034 1692 1249 1752; x_wconf 87' lang='lat' dir='ltr'><strong>puppium</strong></span> <span class='ocrx_word' id='word_1_172' title='bbox 1269 1690 1546 1737; x_wconf 87' lang='lat' dir='ltr'><strong>intervallum</strong></span> <span class='ocrx_word' id='word_1_173' title='bbox 1568 1692 1770 1736; x_wconf 87' lang='lat' dir='ltr'><strong>antennis</strong></span> 
     </span>
     <span class='ocr_line' id='line_1_38' title="bbox 396 1753 1774 1814; baseline 0.001 -16"><span class='ocrx_word' id='word_1_174' title='bbox 396 1754 699 1813; x_wconf 86' lang='lat' dir='ltr'><strong>asseribusque</strong></span> <span class='ocrx_word' id='word_1_175' title='bbox 729 1756 886 1800; x_wconf 86' lang='lat' dir='ltr'><strong>validis</strong></span> <span class='ocrx_word' id='word_1_176' title='bbox 928 1755 1144 1814; x_wconf 82' lang='lat' dir='ltr'><strong>deligatis,</strong></span> <span class='ocrx_word' id='word_1_177' title='bbox 1189 1769 1405 1814; x_wconf 86' lang='lat' dir='ltr'><strong>superque</strong></span> <span class='ocrx_word' id='word_1_178' title='bbox 1448 1769 1520 1799; x_wconf 91' lang='lat' dir='ltr'><strong>eos</strong></span> <span class='ocrx_word' id='word_1_179' title='bbox 1561 1753 1774 1813; x_wconf 85' lang='lat' dir='ltr'><strong>pontibus-</strong></span> 
     </span>
     <span class='ocr_line' id='line_1_39' title="bbox 396 1817 1768 1878; baseline 0.001 -16"><span class='ocrx_word' id='word_1_180' title='bbox 396 1818 545 1864; x_wconf 85' lang='lat' dir='ltr'><strong>stratis</strong></span> <span class='ocrx_word' id='word_1_181' title='bbox 587 1818 661 1877; x_wconf 92' lang='lat' dir='ltr'><strong>qui</strong></span> <span class='ocrx_word' id='word_1_182' title='bbox 712 1819 894 1865; x_wconf 89' lang='lat' dir='ltr'><strong>militem</strong></span> <span class='ocrx_word' id='word_1_183' title='bbox 942 1820 1223 1873; x_wconf 87' lang='lat' dir='ltr'><strong>sustinerent,</strong></span> <span class='ocrx_word' id='word_1_184' title='bbox 1266 1818 1585 1878; x_wconf 89' lang='lat' dir='ltr'><strong>impleverant;</strong></span> <span class='ocrx_word' id='word_1_185' title='bbox 1630 1818 1690 1863; x_wconf 85' lang='lat' dir='ltr'><strong>sic</strong></span> <span class='ocrx_word' id='word_1_186' title='bbox 1720 1817 1768 1863; x_wconf 88' lang='lat' dir='ltr'><strong>in</strong></span> 
     </span>
     <span class='ocr_line' id='line_1_40' title="bbox 396 1881 1767 1940; baseline 0.001 -15"><span class='ocrx_word' id='word_1_187' title='bbox 396 1886 584 1928; x_wconf 84' lang='lat' dir='ltr'><strong>structas</strong></span> <span class='ocrx_word' id='word_1_188' title='bbox 615 1882 908 1940; x_wconf 87' lang='lat' dir='ltr'><strong>quadriremes</strong></span> <span class='ocrx_word' id='word_1_189' title='bbox 930 1883 987 1927; x_wconf 86' lang='lat' dir='ltr'><strong>ad</strong></span> <span class='ocrx_word' id='word_1_190' title='bbox 1017 1882 1171 1926; x_wconf 90' lang='lat' dir='ltr'><strong>urbem</strong></span> <span class='ocrx_word' id='word_1_191' title='bbox 1196 1881 1388 1939; x_wconf 87' lang='lat' dir='ltr'><strong>agebant</strong></span> <span class='ocrx_word' id='word_1_192' title='bbox 1411 1897 1421 1926; x_wconf 91' lang='lat'>:</span> <span class='ocrx_word' id='word_1_193' title='bbox 1456 1881 1560 1926; x_wconf 89' lang='lat' dir='ltr'><strong>inde</strong></span> <span class='ocrx_word' id='word_1_194' title='bbox 1591 1881 1767 1927; x_wconf 82' lang='lat' dir='ltr'><strong>missilia</strong></span> 
     </span>
     <span class='ocr_line' id='line_1_41' title="bbox 394 1943 1767 2005; baseline 0.002 -18"><span class='ocrx_word' id='word_1_195' title='bbox 394 1944 438 1988; x_wconf 88' lang='lat' dir='ltr'><strong>in</strong></span> <span class='ocrx_word' id='word_1_196' title='bbox 472 1951 794 2004; x_wconf 86' lang='lat' dir='ltr'><strong>propugnantes</strong></span> <span class='ocrx_word' id='word_1_197' title='bbox 836 1945 1151 2004; x_wconf 88' lang='lat' dir='ltr'><strong>ingerebantur</strong></span> <span class='ocrx_word' id='word_1_198' title='bbox 1183 1951 1296 2005; x_wconf 77' lang='lat' dir='ltr'><strong>tutp,</strong></span> <span class='ocrx_word' id='word_1_199' title='bbox 1320 1944 1422 2002; x_wconf 87' lang='lat' dir='ltr'><strong>quia</strong></span> <span class='ocrx_word' id='word_1_200' title='bbox 1464 1943 1603 2004; x_wconf 89' lang='lat' dir='ltr'><strong>proris</strong></span> <span class='ocrx_word' id='word_1_201' title='bbox 1645 1945 1767 1990; x_wconf 87' lang='lat' dir='ltr'><strong>miles</strong></span> 
     </span>
     <span class='ocr_line' id='line_1_42' title="bbox 392 2008 1762 2067; baseline 0.001 -15"><span class='ocrx_word' id='word_1_202' title='bbox 392 2010 639 2066; x_wconf 86' lang='lat' dir='ltr'><strong>tegebatur.</strong></span> <span class='ocrx_word' id='word_1_203' title='bbox 705 2009 853 2054; x_wconf 87' lang='lat' dir='ltr'><strong>Media</strong></span> <span class='ocrx_word' id='word_1_204' title='bbox 885 2024 975 2053; x_wconf 83' lang='lat' dir='ltr'><strong>nox</strong></span> <span class='ocrx_word' id='word_1_205' title='bbox 1007 2013 1115 2060; x_wconf 88' lang='lat' dir='ltr'><strong>erat,</strong></span> <span class='ocrx_word' id='word_1_206' title='bbox 1137 2023 1274 2067; x_wconf 88' lang='lat' dir='ltr'><strong>quum</strong></span> <span class='ocrx_word' id='word_1_207' title='bbox 1305 2008 1497 2062; x_wconf 85' lang='lat' dir='ltr'><strong>classem,</strong></span> <span class='ocrx_word' id='word_1_208' title='bbox 1521 2008 1651 2053; x_wconf 89' lang='lat' dir='ltr'><strong>sicuti</strong></span> <span class='ocrx_word' id='word_1_209' title='bbox 1672 2008 1762 2054; x_wconf 89' lang='lat' dir='ltr'><strong>dic-</strong></span> 
     </span>
     <span class='ocr_line' id='line_1_43' title="bbox 398 2070 1764 2131; baseline 0.001 -15"><span class='ocrx_word' id='word_1_210' title='bbox 398 2077 492 2116; x_wconf 83' lang='lat' dir='ltr'><strong>tum</strong></span> <span class='ocrx_word' id='word_1_211' title='bbox 525 2078 604 2127; x_wconf 87' lang='lat' dir='ltr'><strong>est,</strong></span> <span class='ocrx_word' id='word_1_212' title='bbox 648 2079 858 2131; x_wconf 87' lang='lat' dir='ltr'><strong>paratam,</strong></span> <span class='ocrx_word' id='word_1_213' title='bbox 902 2072 1130 2117; x_wconf 88' lang='lat' dir='ltr'><strong>circumire</strong></span> <span class='ocrx_word' id='word_1_214' title='bbox 1171 2086 1318 2116; x_wconf 87' lang='lat' dir='ltr'><strong>muros</strong></span> <span class='ocrx_word' id='word_1_215' title='bbox 1352 2071 1499 2130; x_wconf 85' lang='lat' dir='ltr'><strong>jubet.</strong></span> <span class='ocrx_word' id='word_1_216' title='bbox 1578 2070 1764 2131; x_wconf 85' lang='lat' dir='ltr'><strong>Jamque</strong></span> 
     </span>
     <span class='ocr_line' id='line_1_44' title="bbox 391 2134 1765 2195; baseline 0.001 -18"><span class='ocrx_word' id='word_1_217' title='bbox 391 2149 525 2181; x_wconf 86' lang='lat' dir='ltr'><strong>naves</strong></span> <span class='ocrx_word' id='word_1_218' title='bbox 546 2135 646 2180; x_wconf 89' lang='lat' dir='ltr'><strong>urbi</strong></span> <span class='ocrx_word' id='word_1_219' title='bbox 663 2136 858 2195; x_wconf 85' lang='lat' dir='ltr'><strong>undique</strong></span> <span class='ocrx_word' id='word_1_220' title='bbox 878 2136 1238 2189; x_wconf 83' lang='lat' dir='ltr'><strong>admovebantur,</strong></span> <span class='ocrx_word' id='word_1_221' title='bbox 1256 2140 1300 2180; x_wconf 88' lang='lat' dir='ltr'><strong>et</strong></span> <span class='ocrx_word' id='word_1_222' title='bbox 1318 2134 1443 2195; x_wconf 84' lang='lat' dir='ltr'><strong>Tyrii</strong></span> <span class='ocrx_word' id='word_1_223' title='bbox 1464 2135 1765 2194; x_wconf 86' lang='lat' dir='ltr'><strong>desperatione</strong></span> 
     </span>
     <span class='ocr_line' id='line_1_45' title="bbox 391 2198 1759 2258; baseline 0.001 -16"><span class='ocrx_word' id='word_1_224' title='bbox 391 2199 639 2258; x_wconf 80' lang='lat' dir='ltr'><strong>torpebant,</strong></span> <span class='ocrx_word' id='word_1_225' title='bbox 659 2215 792 2258; x_wconf 92' lang='lat' dir='ltr'><strong>quum</strong></span> <span class='ocrx_word' id='word_1_226' title='bbox 809 2200 954 2245; x_wconf 87' lang='lat' dir='ltr'><strong>subito</strong></span> <span class='ocrx_word' id='word_1_227' title='bbox 976 2199 1136 2258; x_wconf 84' lang='lat' dir='ltr'><strong>spissae</strong></span> <span class='ocrx_word' id='word_1_228' title='bbox 1151 2200 1291 2243; x_wconf 88' lang='lat' dir='ltr'><strong>nubes</strong></span> <span class='ocrx_word' id='word_1_229' title='bbox 1310 2198 1539 2243; x_wconf 84' lang='lat' dir='ltr'><strong>intendere</strong></span> <span class='ocrx_word' id='word_1_230' title='bbox 1559 2213 1605 2242; x_wconf 88' lang='lat' dir='ltr'><strong>se</strong></span> <span class='ocrx_word' id='word_1_231' title='bbox 1627 2199 1759 2253; x_wconf 91' lang='lat' dir='ltr'><strong>coelo,</strong></span> 
     </span>
     <span class='ocr_line' id='line_1_46' title="bbox 391 2261 1761 2321; baseline 0.001 -15"><span class='ocrx_word' id='word_1_232' title='bbox 391 2268 448 2316; x_wconf 88' lang='lat' dir='ltr'><strong>et,</strong></span> <span class='ocrx_word' id='word_1_233' title='bbox 472 2262 688 2321; x_wconf 88' lang='lat' dir='ltr'><strong>quidquid</strong></span> <span class='ocrx_word' id='word_1_234' title='bbox 700 2263 808 2308; x_wconf 90' lang='lat' dir='ltr'><strong>lucis</strong></span> <span class='ocrx_word' id='word_1_235' title='bbox 824 2262 1124 2316; x_wconf 87' lang='lat' dir='ltr'><strong>internitebat,</strong></span> <span class='ocrx_word' id='word_1_236' title='bbox 1143 2263 1281 2306; x_wconf 83' lang='lat' dir='ltr'><strong>offusa</strong></span> <span class='ocrx_word' id='word_1_237' title='bbox 1296 2261 1482 2320; x_wconf 83' lang='lat' dir='ltr'><strong>caligine</strong></span> <span class='ocrx_word' id='word_1_238' title='bbox 1498 2262 1761 2308; x_wconf 79' lang='lat' dir='ltr'><strong>exstinctum</strong></span> 
     </span>
     <span class='ocr_line' id='line_1_47' title="bbox 388 2325 1760 2385; baseline 0.001 -17"><span class='ocrx_word' id='word_1_239' title='bbox 388 2331 469 2371; x_wconf 85' lang='lat' dir='ltr'><strong>est.</strong></span> <span class='ocrx_word' id='word_1_240' title='bbox 539 2325 654 2372; x_wconf 84' lang='lat' dir='ltr'><strong>Tum</strong></span> <span class='ocrx_word' id='word_1_241' title='bbox 684 2326 985 2371; x_wconf 87' lang='lat' dir='ltr'><strong>inhorrescens</strong></span> <span class='ocrx_word' id='word_1_242' title='bbox 1026 2340 1146 2370; x_wconf 86' lang='lat' dir='ltr'><strong>mare</strong></span> <span class='ocrx_word' id='word_1_243' title='bbox 1177 2325 1387 2385; x_wconf 87' lang='lat' dir='ltr'><strong>paulatim</strong></span> <span class='ocrx_word' id='word_1_244' title='bbox 1419 2325 1567 2380; x_wconf 85' lang='lat' dir='ltr'><strong>levari,</strong></span> <span class='ocrx_word' id='word_1_245' title='bbox 1601 2325 1760 2371; x_wconf 69' lang='lat' dir='ltr'><strong>deiude</strong></span> 
     </span>
     <span class='ocr_line' id='line_1_48' title="bbox 386 2388 1757 2445; baseline 0.002 -14"><span class='ocrx_word' id='word_1_246' title='bbox 386 2389 542 2434; x_wconf 79' lang='lat' dir='ltr'><strong>acriori</strong></span> <span class='ocrx_word' id='word_1_247' title='bbox 562 2394 696 2435; x_wconf 89' lang='lat' dir='ltr'><strong>vento</strong></span> <span class='ocrx_word' id='word_1_248' title='bbox 716 2390 998 2445; x_wconf 82' lang='lat' dir='ltr'><strong>concitatum,</strong></span> <span class='ocrx_word' id='word_1_249' title='bbox 1031 2389 1191 2434; x_wconf 88' lang='lat' dir='ltr'><strong>fluctus</strong></span> <span class='ocrx_word' id='word_1_250' title='bbox 1212 2389 1338 2444; x_wconf 88' lang='lat' dir='ltr'><strong>ciere,</strong></span> <span class='ocrx_word' id='word_1_251' title='bbox 1362 2394 1407 2434; x_wconf 87' lang='lat' dir='ltr'><strong>ct</strong></span> <span class='ocrx_word' id='word_1_252' title='bbox 1428 2388 1544 2434; x_wconf 87' lang='lat' dir='ltr'><strong>inter</strong></span> <span class='ocrx_word' id='word_1_253' title='bbox 1560 2404 1606 2434; x_wconf 89' lang='lat' dir='ltr'><strong>se</strong></span> <span class='ocrx_word' id='word_1_254' title='bbox 1637 2390 1757 2434; x_wconf 87' lang='lat' dir='ltr'><strong>navi-</strong></span> 
     </span>
     <span class='ocr_line' id='line_1_49' title="bbox 385 2451 1758 2513; baseline 0.001 -17"><span class='ocrx_word' id='word_1_255' title='bbox 385 2452 459 2509; x_wconf 86' lang='lat' dir='ltr'><strong>gia</strong></span> <span class='ocrx_word' id='word_1_256' title='bbox 478 2451 701 2498; x_wconf 87' lang='lat' dir='ltr'><strong>collidere.</strong></span> <span class='ocrx_word' id='word_1_257' title='bbox 762 2454 952 2513; x_wconf 90' lang='lat' dir='ltr'><strong>Jamque</strong></span> <span class='ocrx_word' id='word_1_258' title='bbox 972 2453 1115 2498; x_wconf 87' lang='lat' dir='ltr'><strong>scindi</strong></span> <span class='ocrx_word' id='word_1_259' title='bbox 1135 2457 1369 2512; x_wconf 86' lang='lat' dir='ltr'><strong>coeperant</strong></span> <span class='ocrx_word' id='word_1_260' title='bbox 1391 2452 1578 2508; x_wconf 89' lang='lat' dir='ltr'><strong>vincula,</strong></span> <span class='ocrx_word' id='word_1_261' title='bbox 1602 2453 1758 2510; x_wconf 86' lang='lat' dir='ltr'><strong>quibus</strong></span> 
     </span>
     <span class='ocr_line' id='line_1_50' title="bbox 386 2515 1755 2576; baseline 0.001 -16"><span class='ocrx_word' id='word_1_262' title='bbox 386 2530 609 2561; x_wconf 87' lang='lat' dir='ltr'><strong>connexae</strong></span> <span class='ocrx_word' id='word_1_263' title='bbox 630 2517 925 2576; x_wconf 76' lang='lat' dir='ltr'><strong>quadrIremes</strong></span> <span class='ocrx_word' id='word_1_264' title='bbox 946 2522 1085 2572; x_wconf 87' lang='lat' dir='ltr'><strong>erant,</strong></span> <span class='ocrx_word' id='word_1_265' title='bbox 1119 2531 1247 2561; x_wconf 87' lang='lat' dir='ltr'><strong>ruere</strong></span> <span class='ocrx_word' id='word_1_266' title='bbox 1265 2515 1476 2571; x_wconf 86' lang='lat' dir='ltr'><strong>tabulata,</strong></span> <span class='ocrx_word' id='word_1_267' title='bbox 1500 2522 1544 2562; x_wconf 92' lang='lat' dir='ltr'><strong>et</strong></span> <span class='ocrx_word' id='word_1_268' title='bbox 1566 2531 1665 2561; x_wconf 90' lang='lat' dir='ltr'><strong>cum</strong></span> <span class='ocrx_word' id='word_1_269' title='bbox 1689 2517 1755 2561; x_wconf 89' lang='lat' dir='ltr'><strong>in-</strong></span> 
     </span>
     <span class='ocr_line' id='line_1_51' title="bbox 386 2579 1755 2640; baseline 0 -16"><span class='ocrx_word' id='word_1_270' title='bbox 386 2579 512 2637; x_wconf 83' lang='lat' dir='ltr'><strong>genti</strong></span> <span class='ocrx_word' id='word_1_271' title='bbox 533 2579 705 2638; x_wconf 84' lang='lat' dir='ltr'><strong>fragore</strong></span> <span class='ocrx_word' id='word_1_272' title='bbox 734 2581 782 2625; x_wconf 91' lang='lat' dir='ltr'><strong>in</strong></span> <span class='ocrx_word' id='word_1_273' title='bbox 802 2581 1070 2640; x_wconf 86' lang='lat' dir='ltr'><strong>profundum</strong></span> <span class='ocrx_word' id='word_1_274' title='bbox 1091 2595 1240 2625; x_wconf 88' lang='lat' dir='ltr'><strong>seeum</strong></span> <span class='ocrx_word' id='word_1_275' title='bbox 1261 2580 1420 2626; x_wconf 84' lang='lat' dir='ltr'><strong>milites</strong></span> <span class='ocrx_word' id='word_1_276' title='bbox 1441 2579 1614 2625; x_wconf 88' lang='lat' dir='ltr'><strong>trahere</strong></span> <span class='ocrx_word' id='word_1_277' title='bbox 1637 2596 1647 2624; x_wconf 72' lang='grc' dir='ltr'><strong><em>ι</em></strong></span> <span class='ocrx_word' id='word_1_278' title='bbox 1679 2595 1755 2625; x_wconf 88' lang='lat' dir='ltr'><strong>ne—</strong></span> 
     </span>
     <span class='ocr_line' id='line_1_52' title="bbox 386 2642 1759 2703; baseline -0.001 -15"><span class='ocrx_word' id='word_1_279' title='bbox 386 2659 471 2701; x_wconf 90' lang='lat' dir='ltr'><strong>que</strong></span> <span class='ocrx_word' id='word_1_280' title='bbox 485 2642 604 2688; x_wconf 88' lang='lat' dir='ltr'><strong>enim</strong></span> <span class='ocrx_word' id='word_1_281' title='bbox 625 2651 824 2690; x_wconf 89' lang='lat' dir='ltr'><strong>conserta</strong></span> <span class='ocrx_word' id='word_1_282' title='bbox 845 2644 1020 2703; x_wconf 82' lang='lat' dir='ltr'><strong>navigia</strong></span> <span class='ocrx_word' id='word_1_283' title='bbox 1041 2644 1132 2689; x_wconf 85' lang='lat' dir='ltr'><strong>ulla</strong></span> <span class='ocrx_word' id='word_1_284' title='bbox 1153 2658 1236 2703; x_wconf 92' lang='lat' dir='ltr'><strong>ope</strong></span> <span class='ocrx_word' id='word_1_285' title='bbox 1257 2642 1304 2687; x_wconf 90' lang='lat' dir='ltr'><strong>in</strong></span> <span class='ocrx_word' id='word_1_286' title='bbox 1324 2643 1503 2689; x_wconf 88' lang='lat' dir='ltr'><strong>turbido</strong></span> <span class='ocrx_word' id='word_1_287' title='bbox 1517 2643 1610 2701; x_wconf 91' lang='lat' dir='ltr'><strong>regi</strong></span> <span class='ocrx_word' id='word_1_288' title='bbox 1632 2651 1759 2703; x_wconf 72' lang='lat' dir='ltr'><strong>pote-</strong></span> 
     </span>
     <span class='ocr_line' id='line_1_53' title="bbox 385 2706 1755 2770; baseline 0.002 -21"><span class='ocrx_word' id='word_1_289' title='bbox 385 2713 486 2753; x_wconf 85' lang='lat' dir='ltr'><strong>rant</strong></span> <span class='ocrx_word' id='word_1_290' title='bbox 509 2722 520 2751; x_wconf 71' lang='grc' dir='ltr'>ε</span> <span class='ocrx_word' id='word_1_291' title='bbox 552 2707 675 2753; x_wconf 88' lang='lat' dir='ltr'><strong>miles</strong></span> <span class='ocrx_word' id='word_1_292' title='bbox 706 2708 946 2753; x_wconf 86' lang='lat' dir='ltr'><strong>ministeria</strong></span> <span class='ocrx_word' id='word_1_293' title='bbox 975 2714 1225 2762; x_wconf 88' lang='lat' dir='ltr'><strong>nautarum,</strong></span> <span class='ocrx_word' id='word_1_294' title='bbox 1258 2721 1406 2770; x_wconf 83' lang='lat' dir='ltr'><strong>remex</strong></span> <span class='ocrx_word' id='word_1_295' title='bbox 1436 2706 1585 2754; x_wconf 86' lang='lat' dir='ltr'><strong>militis</strong></span> <span class='ocrx_word' id='word_1_296' title='bbox 1616 2707 1755 2752; x_wconf 83' lang='lat' dir='ltr'><strong>officia</strong></span> 
     </span>
     <span class='ocr_line' id='line_1_54' title="bbox 361 2770 1781 2830; baseline 0 -15"><span class='ocrx_word' id='word_1_297' title='bbox 361 2820 365 2825; x_wconf 50' lang='grc'><em>,</em></span> <span class='ocrx_word' id='word_1_298' title='bbox 386 2770 621 2824; x_wconf 79' lang='lat' dir='ltr'><strong>turbabat3</strong></span> <span class='ocrx_word' id='word_1_299' title='bbox 656 2776 715 2825; x_wconf 91' lang='lat' dir='ltr'><strong>et,</strong></span> <span class='ocrx_word' id='word_1_300' title='bbox 738 2771 857 2830; x_wconf 90' lang='lat' dir='ltr'><strong>quod</strong></span> <span class='ocrx_word' id='word_1_301' title='bbox 878 2771 925 2815; x_wconf 90' lang='lat' dir='ltr'><strong>in</strong></span> <span class='ocrx_word' id='word_1_302' title='bbox 944 2770 1196 2830; x_wconf 85' lang='lat' dir='ltr'><strong>hujusmodi</strong></span> <span class='ocrx_word' id='word_1_303' title='bbox 1219 2785 1319 2816; x_wconf 89' lang='lat' dir='ltr'><strong>casu.</strong></span> <span class='ocrx_word' id='word_1_304' title='bbox 1340 2770 1513 2825; x_wconf 87' lang='lat' dir='ltr'><strong>accidit,</strong></span> <span class='ocrx_word' id='word_1_305' title='bbox 1537 2771 1665 2829; x_wconf 86' lang='lat' dir='ltr'><strong>periti</strong></span> <span class='ocrx_word' id='word_1_306' title='bbox 1686 2772 1752 2830; x_wconf 87' lang='lat' dir='ltr'><strong>i&#39;g-</strong></span> <span class='ocrx_word' id='word_1_307' title='bbox 1779 2801 1781 2804; x_wconf 93' lang='lat'>-</span> 
     </span>
     <span class='ocr_line' id='line_1_55' title="bbox 361 2834 1753 2894; baseline 0.001 -16"><span class='ocrx_word' id='word_1_308' title='bbox 361 2834 500 2882; x_wconf 81' lang='lat' dir='ltr'><strong>&#39;naris</strong></span> <span class='ocrx_word' id='word_1_309' title='bbox 542 2834 786 2893; x_wconf 88' lang='lat' dir='ltr'><strong>parebant:</strong></span> <span class='ocrx_word' id='word_1_310' title='bbox 831 2835 992 2894; x_wconf 90' lang='lat' dir='ltr'><strong>quippe</strong></span> <span class='ocrx_word' id='word_1_311' title='bbox 1033 2835 1362 2893; x_wconf 86' lang='lat' dir='ltr'><strong>gubernatores,</strong></span> <span class='ocrx_word' id='word_1_312' title='bbox 1405 2834 1510 2879; x_wconf 82' lang='lat' dir='ltr'><strong>alias</strong></span> <span class='ocrx_word' id='word_1_313' title='bbox 1543 2835 1753 2893; x_wconf 86' lang='lat' dir='ltr'><strong>imperare</strong></span> 
     </span>
     <span class='ocr_line' id='line_1_56' title="bbox 382 2897 1749 2957; baseline 0.001 -15"><span class='ocrx_word' id='word_1_314' title='bbox 382 2897 631 2957; x_wconf 38' lang='lat' dir='ltr'><strong>soliti‚·tum</strong></span> <span class='ocrx_word' id='word_1_315' title='bbox 652 2905 772 2944; x_wconf 88' lang='lat' dir='ltr'><strong>metu</strong></span> <span class='ocrx_word' id='word_1_316' title='bbox 802 2900 954 2944; x_wconf 84' lang='lat' dir='ltr'><strong>mortis</strong></span> <span class='ocrx_word' id='word_1_317' title='bbox 976 2897 1099 2957; x_wconf 81' lang='lat' dir='ltr'><strong>jussa</strong></span> <span class='ocrx_word' id='word_1_318' title='bbox 1128 2898 1490 2957; x_wconf 81' lang='lat' dir='ltr'><strong>exsequebantur.</strong></span> <span class='ocrx_word' id='word_1_319' title='bbox 1555 2897 1749 2943; x_wconf 86' lang='lat' dir='ltr'><strong>Tandem</strong></span> 
     </span>
     <span class='ocr_line' id='line_1_57' title="bbox 381 2961 1753 3023; baseline 0.002 -18"><span class='ocrx_word' id='word_1_320' title='bbox 381 2962 510 3008; x_wconf 86' lang='lat' dir='ltr'><strong>remis</strong></span> <span class='ocrx_word' id='word_1_321' title='bbox 542 2962 805 3020; x_wconf 85' lang='lat' dir='ltr'><strong>pertinacius</strong></span> <span class='ocrx_word' id='word_1_322' title='bbox 826 2963 1126 3009; x_wconf 86' lang='lat' dir='ltr'><strong>everberatum</strong></span> <span class='ocrx_word' id='word_1_323' title='bbox 1149 2976 1280 3018; x_wconf 79' lang='lat' dir='ltr'><strong>mare,</strong></span> <span class='ocrx_word' id='word_1_324' title='bbox 1305 2961 1441 3008; x_wconf 85' lang='lat' dir='ltr'><strong>veluti</strong></span> <span class='ocrx_word' id='word_1_325' title='bbox 1472 2961 1753 3023; x_wconf 79' lang='lat' dir='ltr'><strong>eripientibus</strong></span> 
     </span>
    </p>
   </div>
   <div class='ocr_carea' id='block_1_5' title="bbox 0 2987 2208 3424">
    <p class='ocr_par' dir='ltr' id='par_1_7' title="bbox 0 2987 2208 3424">
     <span class='ocr_line' id='line_1_58' title="bbox 0 2987 2208 3424; baseline 0 -370"><span class='ocrx_word' id='word_1_326' title='bbox 0 2987 2208 3424; x_wconf 95' lang='lat' dir='ltr'><strong>  </strong></span> 
     </span>
    </p>
   </div>
   <div class='ocr_carea' id='block_1_6' title="bbox 2172 0 2208 52">
    <p class='ocr_par' dir='ltr' id='par_1_8' title="bbox 2172 0 2208 52">
     <span class='ocr_line' id='line_1_59' title="bbox 2172 0 2208 52; baseline 0 3372"><span class='ocrx_word' id='word_1_327' title='bbox 2172 0 2208 52; x_wconf 95' lang='lat' dir='ltr'><strong> </strong></span> 
     </span>
    </p>
   </div>
  </div>
 </body>
</html>
