2208 3424
895 309 1125 372 emm-1
1158 310 1386 361 cun'rn
1419 311 1576 361 aum
1865 315 1930 363 ss

543 438 730 499 potiora.
815 437 959 499 Igitur
1009 440 1301 496 conclamant,
1346 440 1531 490 duceret
1563 454 1650 501 quo
1688 439 1929 490 videretur.

543 501 696 561 Atque
716 499 792 548 ille
822 503 1040 550 utendum
1060 503 1228 560 animis,
1253 504 1362 551 dum
1383 519 1461 566 spe
1480 503 1689 562 calerent,
1711 509 1849 561 ratus,
1872 505 1932 552 ad

543 563 711 611 Pelusii
729 565 892 613 ostium
913 574 1131 627 penetrat,
1161 567 1375 616 simulans
1392 582 1421 615 a
1442 567 1584 615 Dario
1614 583 1660 616 ae
1680 582 1776 616 case
1805 582 1931 630 prae·

545 626 738 676 missum.
805 627 977 678 Potitus
998 645 1107 692 ergo
1129 630 1308 686 Pelusii,
1338 629 1571 692 Memphin
1589 631 1737 693 copias
1756 645 1932 693 promo-

542 690 637 739 vit:
672 691 731 739 ad
751 690 876 753 cnjus
906 692 1065 741 famam
1095 694 1325 756 Aegyptii,
1349 708 1466 753 *rana⁷
1492 708 1620 755 gena,
1640 701 1686 743 ct
1717 694 1935 743 novandis

545 767 675 814 quam
707 755 914 815 gerendis
934 758 1080 819 aptior
1110 758 1257 813 rebus,
1279 772 1337 804 ex
1357 757 1449 805 auia
1469 757 1653 818 quiaque
1672 757 1782 805 vicis
1812 758 1934 805 urbi-

544 818 715 877 busque
746 817 805 866 ad
836 818 919 867 hoc
947 822 1092 882 ipsum
1122 827 1409 876 concurrunt,
1431 819 1490 869 ad
1511 819 1702 868 delenda
1721 821 1939 882 praesidia

546 880 780 929 Persarum
800 898 810 929 e
845 884 918 943 qui
939 884 1098 940 territi,
1121 891 1271 933 tamen
1292 898 1416 945 spem
1436 883 1657 931 retinendi
1678 885 1937 945 Aegyptum

545 959 638 993 non
659 946 915 995 amiserunt.
980 947 1071 994 Sed
1092 962 1167 995 eoa
1187 947 1412 1009 Amyntas
1433 946 1600 1009 praelio
1629 954 1860 1007 superatos
1891 947 1939 993 in

548 1008 702 1056 urbem
724 1010 958 1071 compellit,
976 1010 1220 1072 castrisque
1241 1009 1409 1071 positis,
1433 1009 1622 1059 victores
1641 1010 1700 1059 ad
1722 1010 1938 1073 populan-

544 1071 625 1119 dos
668 1087 799 1133 agros
829 1073 998 1131 eduxit,
1042 1088 1093 1121 ac
1126 1074 1249 1121 velut
1289 1074 1336 1120 in
1371 1073 1518 1121 medio
1549 1074 1701 1134 positis
1734 1074 1940 1121 omnibus

545 1136 752 1193 hostium,
785 1144 945 1185 cuncta
979 1138 1243 1198 agebantur.
1329 1136 1487 1198 Itaque
1531 1137 1742 1194 Mazaces,
1785 1152 1938 1199 quam·

546 1213 678 1259 quam
695 1200 864 1261 *infelici
894 1201 1060 1262 praelio
1092 1215 1273 1248 suorum
1304 1200 1476 1247 animos
1497 1200 1675 1249 territos
1707 1215 1803 1248 ease
1833 1214 1939 1262 cog-

545 1269 745 1320 noverat,
777 1273 929 1312 tamen
960 1264 1176 1325 palantes,
1208 1271 1255 1313 et
1287 1264 1498 1311 victoriae
1544 1263 1706 1312 fiducia
1737 1264 1940 1311 incautos

550 1332 793 1383 ostentans,
818 1327 1010 1388 perpulit
1042 1343 1100 1375 nc
1120 1327 1379 1375 dubitarent
1401 1343 1456 1374 ex
1488 1327 1599 1374 urbe
1629 1341 1872 1389 erumpere,
1897 1337 1942 1374 ot

548 1404 618 1437 res
639 1390 820 1438 amissas
851 1405 1124 1453 recuperare.
1190 1390 1245 1438 Id
1266 1390 1499 1438 consilium
1531 1405 1622 1437 non
1642 1392 1816 1439 ratione
1837 1404 1941 1452 pru-

548 1454 727 1503 dentius
757 1468 890 1519 quam
921 1461 1084 1505 eventu
1126 1455 1296 1502 felicius
1337 1454 1438 1502 fuit.
1471 1478 1476 1485 ·
1501 1455 1578 1502 Ad
1596 1470 1759 1502 ··unum
1791 1468 1945 1500 omnes

550 1517 767 1579 cumipse
799 1518 914 1565 duce
944 1518 1077 1566 occisi
1096 1525 1215 1566 sunt.
1280 1517 1382 1565 Has
1403 1532 1568 1578 poenas
1589 1518 1810 1580 Amyntas
1830 1517 1946 1566 utri-

549 1597 635 1643 que
665 1582 763 1642 regi
803 1581 943 1638 dedit,
974 1582 1116 1629 nihilo
1146 1581 1287 1642 magis
1318 1582 1360 1628 ei
1393 1582 1451 1628 ad
1482 1596 1613 1643 quem
1644 1580 1945 1643 transfugerat

547 1645 677 1698 fidus,
701 1654 833 1704 quain
852 1644 918 1692 illi
938 1660 1071 1707 quem
1091 1646 1362 1694 deseruerat.

614 1708 697 1755 VI.
732 1708 863 1769 Darii
883 1716 1121 1770 praetores,
1143 1709 1221 1770 qui
1241 1709 1411 1770 praelio
1426 1709 1546 1770 apud
1569 1708 1694 1756 Isson
1716 1709 1943 1768 superfue-

551 1782 667 1828 rant,
702 1787 805 1819 cum
841 1774 960 1819 omni
992 1787 1128 1820 manu
1159 1787 1272 1834 quae
1301 1772 1524 1833 fugientes
1556 1773 1704 1821 secuta
1735 1779 1843 1829 erat,
1875 1786 1944 1819 as-

555 1841 732 1897 sumpta
752 1835 889 1884 etiam
911 1835 1226 1898 Cappadocum
1257 1842 1303 1883 et
1336 1835 1668 1897 Paphlagonum
1690 1836 1944 1896 juventute,

554 1898 747 1960 Lydiam
800 1900 1061 1960 recuperare
1112 1900 1365 1948 tentabant.
1454 1900 1712 1959 Antigonus
1765 1905 1945 1960 praetor

549 1962 798 2010 Alexandri
828 1962 1000 2024 Lydiae
1029 1968 1262 2022 praeerat:
1296 1963 1387 2022 qui,
1411 1977 1680 2024 quamquam
1707 1963 1943 2024 plerosque

549 2026 740 2075 milit-um
762 2041 820 2072 ex
849 2026 1078 2087 praesidiis
1109 2027 1167 2073 ad
1198 2040 1349 2087 regem
1370 2026 1611 2082 dimiserat,
1642 2033 1808 2081 tamen,
1840 2026 1943 2073 bar-

547 2090 665 2137 baris
687 2090 860 2150 spretis,
882 2091 931 2137 in
951 2091 1089 2137 aciem
1105 2105 1207 2137 suos
1227 2089 1398 2137 eduxit.
1464 2087 1635 2136 Eadem
1653 2090 1747 2137 illic
1767 2103 1944 2149 quoque

548 2154 728 2200 fortuna
749 2153 941 2214 partium
971 2153 1059 2201 fuit
1081 2169 1092 2200 ε
1126 2154 1270 2201 tribus
1292 2153 1468 2214 praeliis
1498 2152 1586 2201 alia
1606 2161 1738 2213 atque
1756 2151 1843 2199 alia
1874 2167 1944 2198 re-

547 2216 683 2276 gione
715 2217 969 2272 commissis,
1003 2217 1165 2264 Persae
1195 2217 1461 2264 funduntur.
1530 2216 1701 2263 Eodem
1742 2223 1942 2278 temporo

549 2279 698 2327 classis
720 2280 1015 2327 Macedonum
1037 2296 1093 2327 ex
1115 2280 1303 2329 Graecia
1323 2280 1479 2335 accita,
1503 2280 1844 2336 Aristomenem,
1867 2280 1944 2339 qui

550 2343 608 2390 ad
630 2343 914 2404 Hellesponti
927 2359 1049 2391 oram
1069 2344 1416 2404 recuperandam
1439 2360 1466 2391 a
1489 2342 1630 2390 Dario
1650 2351 1747 2391 erat
1766 2343 1942 2398 missus,

551 2408 692 2468 captis
723 2406 818 2468 ejus
849 2413 928 2455 aut
969 2408 1124 2454 mersis
1154 2408 1355 2464 navibus,
1401 2416 1597 2469 superat.
1679 2408 1723 2453 A
1757 2405 1944 2454 Milesiis

550 2471 713 2518 deinde
746 2471 1058 2518 Pharnabazus
1088 2471 1338 2531 praefectus
1359 2470 1563 2518 Persicae
1584 2470 1734 2518 classis
1754 2470 1944 2531 pecunia

549 2541 717 2591 exacta,
736 2541 782 2583 et
802 2535 1020 2596 praesidio
1040 2535 1089 2582 iu
1110 2535 1265 2581 urbem
1288 2534 1451 2581 Chium
1471 2534 1740 2590 introducto,
1763 2540 1944 2583 centum

550 2598 737 2645 navibus
767 2598 987 2656 Andrum,
1012 2605 1059 2646 et
1078 2599 1183 2645 inde
1216 2598 1435 2659 Siphnum
1466 2598 1630 2659 petiit:
1662 2613 1737 2645 eas
1769 2611 1944 2658 quoque

548 2662 714 2709 insulas
730 2662 957 2723 praesidiis
973 2668 1170 2722 occupat,
1195 2662 1384 2722 pecunia
1404 2661 1609 2709 mulctat.
1671 2660 1940 2721 Magnitudo

549 2726 668 2782 belli,
702 2726 822 2785 quod
854 2726 911 2773 ab
931 2725 1272 2787 opulentissimis
1294 2724 1502 2787 Europae
1522 2724 1743 2785 Asiaeque
1763 2725 1943 2785 regibus

549 2790 598 2835 in
619 2804 739 2851 spem
762 2790 902 2849 totius
923 2790 1040 2837 orbis
1053 2789 1298 2850 occupandi
1317 2790 1574 2850 gerebatur,
1597 2788 1811 2836 Graeciae
1830 2802 1940 2848 quo·

552 2867 637 2911 que
652 2860 699 2901 et
721 2854 882 2901 Cretae
903 2869 1022 2900 arma
1042 2860 1353 2901 commoverat.
1416 2852 1544 2914 Agis,
1567 2852 1940 2900 Lacedaemonio·

550 2931 649 2963 rum
681 2932 775 2975 rex,
798 2923 901 2966 octo
921 2917 1113 2964 millibus
1145 2918 1437 2973 Graecorum,
1460 2917 1537 2977 qui
1568 2931 1624 2963 ex
1654 2915 1811 2964 Cilicia
1840 2930 1942 2976 pro·

550 2979 646 3041 fugi
686 2980 840 3030 domos
876 2982 1157 3043 repet-ierant,
1201 2979 1456 3039 contractis,
1495 2980 1660 3029 bellum
1700 2979 1945 3041 Antipatro
