2208 3424
529 301 588 348 52
854 299 1082 356 QUINTI
1117 301 1342 349 CURTII
1375 300 1531 347 RUFI

526 428 685 491 captivi
717 428 986 475 Graecorum
1019 429 1108 475 suis
1128 429 1465 476 restituerentur
1484 429 1701 486 orabant;
1736 429 1902 477 Rhodii

524 499 568 540 et
591 492 690 538 Chii
721 492 778 539 de
798 493 1016 553 praesidio
1036 493 1333 553 querebantur
1354 507 1367 550 3
1400 506 1551 538 omnes
1571 500 1709 554 aequa
1729 493 1901 541 deside-

523 569 620 602 rare
656 555 736 602 visi
766 556 1127 618 impetraveram..
1193 554 1471 617 Mitylenaeis
1490 570 1661 616 quoque
1692 557 1751 604 ob
1772 572 1897 618 egre·

522 620 632 678 giam
653 619 701 665 in
721 626 869 681 partes
891 635 991 666 suas
1010 620 1158 675 fldem,
1181 624 1228 667 et
1248 619 1492 678 pecuniam,
1508 634 1637 680 quam
1656 620 1705 666 in
1735 621 1899 667 bellum

520 683 840 744 impenderant,
853 681 1070 746 [obsides]
1081 682 1289 740 reddidit,
1299 688 1345 730 et
1357 697 1561 743 magnam
1576 684 1800 744 regionem
1815 686 1898 731 fin·

519 747 618 793 ibus
650 762 798 804 eorum
832 747 1006 807 adJ'ecit.
1072 746 1337 808 Cypriorum
1368 760 1538 806 quoque
1562 749 1754 808 regibus,
1777 749 1852 809 qui
1874 764 1900 795 a

521 810 663 857 Dario
674 811 925 858 defecerant
937 812 994 857 ad
1007 810 1162 872 ipsum,
1172 816 1218 858 et
1226 812 1501 871 oppugnanti
1510 811 1678 873 Tyrum
1691 812 1899 860 miserant

523 874 717 931 classem,
756 889 837 935 pro
880 875 1037 922 merito
1078 874 1219 921 honos
1249 874 1426 921 habitus
1458 879 1538 922 est.
1600 875 1900 937 Amphoterus

521 938 694 993 deinde,
717 939 866 984 classis
895 938 1151 999 praefectus,
1176 938 1233 984 ad
1248 937 1518 984 liberandam
1541 937 1900 986 Cretammissus

525 999 735 1062 (namque
762 1007 809 1049 et
843 1001 1077 1048 Persarum
1107 1007 1153 1049 et
1177 1001 1494 1063 Spartanorum
1526 1002 1658 1048 armis
1690 1003 1897 1063 pleraque

522 1064 615 1123 ejus
636 1064 803 1111 insulae
833 1063 1184 1128 obsidebantur,)
1219 1072 1323 1112 ante
1342 1065 1491 1111 omnia
1513 1079 1631 1111 mare
1650 1080 1677 1112 a
1706 1066 1902 1125 piraticis

522 1128 729 1174 classibus
761 1129 983 1176 vindicare
997 1129 1172 1189 jussus;
1207 1129 1368 1189 quippe
1398 1129 1636 1175 obnoxium
1668 1130 1900 1190 praedoni-

521 1192 602 1237 bus
623 1197 730 1247 erat,
752 1193 800 1238 in
821 1193 984 1239 bellum
1005 1199 1193 1252 utroque
1213 1207 1319 1252 rege
1339 1208 1564 1239 converso.
1610 1192 1697 1239 His
1717 1208 1896 1254 compo--

522 1256 627 1311 sitis,
653 1254 835 1301 Herculi
869 1256 1007 1317 Tyrio
1027 1271 1084 1302 ex
1104 1271 1215 1302 auro
1246 1262 1458 1303 crateram
1480 1271 1579 1303 cum
1601 1257 1788 1317 triginta
1819 1273 1895 1317 pa-

521 1319 624 1365 teris
656 1320 846 1374 dicavit;
879 1320 1197 1379 imminensque
1238 1320 1390 1377 Dario,
1424 1320 1508 1367 iter
1538 1320 1595 1365 ad
1639 1319 1896 1381 Euphraten

522 1383 803 1441 pronunciari·
813 1383 964 1444 jussit.

580 1446 794 1492 XXXIV.
829 1448 876 1494 9.
906 1448 970 1494 At
992 1447 1171 1504 Darius,
1194 1461 1326 1506 quum
1350 1448 1406 1493 ab
1430 1446 1639 1507 Aegypto
1659 1448 1889 1494 divertisse

518 1510 562 1555 in
596 1510 787 1557 Africam
820 1511 991 1557 hostem
1033 1512 1329 1572 comperisset,
1372 1511 1659 1568 dubitaverat,
1692 1517 1901 1557 utrumne

522 1574 636 1620 circa
669 1574 1028 1635 Mesopotamiam
1061 1575 1329 1630 subsisteret,
1363 1590 1422 1620 an
1441 1574 1650 1621 interiora
1670 1575 1798 1635 regni
1829 1576 1897 1621 sui

520 1645 716 1697 peteret.-
746 1639 867 1684 ⁴haud
899 1639 1033 1685 dubie
1051 1639 1276 1699 potentior
1306 1644 1461 1684 auctor
1491 1653 1696 1698 praesens
1726 1638 1899 1685 futurus

522 1702 683 1748 ultimis
703 1703 911 1761 gentibus
931 1702 1120 1763 impigre
1140 1703 1304 1748 bellum
1326 1702 1593 1762 capessendi,
1627 1716 1736 1761 quas
1768 1717 1900 1762 aegre

518 1780 591 1824 per
607 1767 849 1826 praefectos
870 1780 973 1812 suos
994 1767 1271 1813 moliebatur.
1336 1765 1427 1811 Sed
1447 1770 1498 1812 ut
1517 1765 1686 1811 idoneis
1709 1766 1899 1813 auctori·

511 1830 594 1874 bus
626 1829 740 1875 fama
770 1830 983 1890 vulgavit,
1026 1830 1330 1875 Alexandrum
1372 1843 1472 1874 cum
1514 1828 1714 1875 omnibus
1745 1829 1895 1890 copiis,

516 1896 833 1952 quamcumque
863 1893 957 1953 ipse
986 1893 1166 1940 adiisset
1195 1892 1435 1952 regionem,
1467 1892 1709 1952 petiturum
1733 1909 1743 1939 :
1778 1893 1898 1938 haud

515 1956 691 2014 ignarus
711 1970 841 2015 quam
874 1971 974 2002 cum
994 1962 1176 2002 strenuo
1207 1971 1276 2001 res
1306 1960 1434 2011 esset,
1458 1956 1605 2001 omnia
1634 1956 1894 2017 longinqua-

516 2035 610 2064 rum
633 2020 832 2079 gentium
853 2019 1016 2066 auxilia
1038 2019 1330 2081 Babyloniam
1353 2019 1553 2074 contrahi
1567 2019 1713 2078 jussit.
1781 2020 1893 2066 Bac·

516 2084 648 2129 triani
670 2083 948 2144 Scythaeque
968 2089 1014 2131 et
1036 2083 1138 2129 Indi
1158 2088 1457 2129 convenerant
1480 2099 1490 2128 :
1525 2097 1628 2128 nam
1661 2089 1706 2131 et
1728 2089 1894 2130 cetera-

515 2162 610 2191 rum
642 2148 842 2206 gentium
873 2147 1024 2207 copiae
1054 2147 1253 2208 partibus
1285 2147 1417 2192 simul
1446 2146 1697 2194 adfuerunt.
1764 2147 1892 2193 Cete-

515 2224 609 2255 rum
653 2215 783 2269 quum'
824 2210 1007 2257 dimidio
1037 2211 1175 2257 ferme
1207 2210 1344 2269 major
1375 2215 1489 2256 esset
1519 2210 1735 2257 exercitus
1767 2224 1896 2268 quam

514 2274 560 2318 in
583 2273 737 2320 Cilicia
756 2274 915 2332 fuerat,
939 2274 1089 2321 multis
1110 2289 1232 2321 arma
1253 2275 1449 2330 deerant,
1472 2289 1584 2334 quae
1603 2288 1772 2319 summa
1793 2289 1897 2320 cura

514 2338 894 2398 comparabantur.
957 2338 1192 2397 Equitibus
1229 2338 1434 2397 equisque
1480 2343 1737 2397 tegumenta
1769 2344 1895 2384 erant

514 2417 566 2446 ex
587 2402 738 2447 ferreis
766 2402 942 2448 laminis
973 2402 1084 2448 serie
1103 2402 1222 2449 inter
1252 2416 1298 2447 se
1328 2401 1535 2447 connexis
1557 2417 1568 2447 :
1609 2401 1731 2460 queis
1763 2407 1894 2447 antea

513 2473 684 2524 praeter
708 2465 853 2525 jacula
884 2465 993 2511 nihil
1013 2465 1211 2522 dederat,
1234 2472 1358 2512 scuta
1378 2464 1600 2525 gladiique
1630 2464 1893 2524 adjicieban-

515 2539 615 2575 tur:
652 2543 948 2589 equorumque
978 2529 1189 2575 domandi
1219 2544 1377 2589 greges
1418 2528 1639 2589 peditibus
1670 2528 1895 2575 distributi

516 2600 630 2647 sunt,
657 2600 707 2639 ut
735 2593 882 2653 major·
904 2593 1089 2653 pristino
1128 2599 1245 2639 esset
1275 2592 1523 2653 equitatus:
1557 2593 1814 2653 ingensque,
1846 2597 1896 2639 ut

518 2656 770 2711 crediderat,
793 2664 937 2703 terror
972 2656 1176 2712 hostium,
1199 2656 1416 2703 ducentae
1435 2656 1619 2703 falcatae
1639 2655 1889 2715 quadrigae,

519 2720 693 2766 unicum
724 2719 896 2766 illarum
929 2719 1128 2780 gentium
1161 2720 1386 2777 auxilium,
1419 2727 1595 2767 secutae
1626 2724 1742 2767 sunt.
1823 2718 1892 2764 Ex

518 2798 686 2829 summo
705 2789 881 2830 temone
901 2783 1051 2830 hastae
1071 2784 1289 2844 praefixae
1301 2783 1418 2830 ferro
1439 2781 1715 2837 eminebant3
1738 2782 1893 2829 utrim-

520 2861 602 2906 que
624 2863 651 2893 a
675 2846 787 2907 jugo
821 2853 971 2894 ternos
1007 2847 1261 2895 direxerant
1289 2848 1461 2908 gladios
1484 2864 1494 2893 :
1529 2854 1574 2894 et
1603 2847 1719 2893 inter
1747 2845 1896 2892 radios

515 2917 710 2957 rotarum
750 2911 879 2971 plura
910 2910 1075 2971 spicula
1105 2912 1356 2959 eminebant
1387 2912 1434 2957 in
1466 2911 1694 2957 adversum
1718 2927 1728 2957 z
1783 2910 1894 2956 aliae

516 2974 676 3021 deinde
711 2974 842 3022 falces
874 2975 1054 3022 summis
1096 2980 1292 3023 rotarum
1324 2975 1504 3022 orbibus
1534 2974 1773 3024 haerebant
1797 2989 1808 3028 ;
1843 2980 1887 3020 et

2086 2871 2121 3238 vermer
2115 2731 2116 2734 „
