2208 3424
0 458 133 507 ariter

0 525 128 571 senti-—

0 603 57 633 re.

0 651 130 697 ÷lectis

0 715 129 774 picie-

0 778 130 823 culari

0 858 11 886 3
32 856 130 887 eum

0 920 54 950 nn
86 912 130 950 et

3 983 130 1027 ampo

19 1033 131 1076 circa

0 1095 130 1139 'aciem

15 1158 130 1203 ordi-

16 1236 133 1266 cam-

0 1286 131 1330 atium

0 1364 131 1396 suum.

0 1427 131 1472 erpen-

0 1491 31 1530 s,
50 1490 134 1520 n1S1

32 1554 129 1584 eum

25 1619 33 1647 :
59 1604 133 1648 sed

0 1667 132 1721 sessis-

39 1745 132 1789 spes

2 1809 49 1846 s,
81 1808 135 1836 ne

25 1857 133 1900 rium

10 1935 133 1977 igem‚

21 1998 133 2027 rum-

6 2081 16 2100 ,
50 2047 135 2092 dis-

17 2125 133 2159 ones,

6 2196 7 2212 π
35 2181 133 2225 tem,

35 2245 78 2283 et
112 2255 137 2282 a

31 2316 135 2345 sono

26 2373 137 2413 rant,

33 2429 138 2472 elius

10 2492 138 2536 llum

17 2556 134 2606 ilum,

15 2683 137 2726 mini>-

21 2747 139 2803 rique

24 2811 136 2869 apud

28 2874 138 2919 itan-

41 2937 147 2983 ritus-

21 3002 139 3047 [tium

344 734 359 797 ’.Ἀθ

352 3029 356 3031 ’
352 3010 375 3022 ἥτ’
372 3002 375 3004 ,
348 2848 380 2997 ἨΜ
353 2798 374 2809 Ξ,

349 3107 371 3168 ,aar
358 3064 374 3100 ΗΜ

936 300 1131 347 LIBER
1163 298 1485 356 QUARTUS.
1830 298 1891 346 63

530 429 686 488 fulgor,
730 428 959 476 sollicitam
1001 427 1328 488 exspectatione
1357 432 1550 474 mentem
1590 426 1890 474 turbaverant.

534 493 684 550 Igitur,
708 492 799 538 sive
819 493 978 538 dubius
999 492 1145 548 animi,
1178 491 1269 536 sive
1288 496 1340 538 ut
1361 506 1461 537 suos
1483 490 1766 551 experiretur,
1789 504 1892 536 con-

529 556 669 600 silium
709 555 911 609 adhibet;
956 554 1063 614 quid
1093 554 1307 629 optimum
1337 554 1455 601 factu
1487 561 1611 610 esset,
1645 553 1891 620 exquirens.

532 619 772 673 lwaxmenio,
809 618 1090 679 peritissimus
1123 619 1238 664 inter
1270 618 1402 663 duces
1431 618 1590 663 artium
1618 616 1737 673 belli,
1770 613 1888 664 furto

531 697 618 726 non
641 682 805 756 praelio
836 697 944 742 opus
977 697 1068 727 esse
1099 681 1330 733 censebat3
1364 681 1623 741 intempesta
1654 686 1784 727 nocte
1814 695 1892 741 op-

528 745 657 802 primi
688 759 815 805 posse
827 745 999 791 hostes:
1033 744 1255 790 discordes
1275 744 1481 799 moribus,
1504 744 1681 823 linguis,
1705 744 1762 789 ad
1782 743 1889 789 haec

525 823 676 853 somno
691 814 735 854 et
756 808 988 868 improviso
999 808 1192 868 periculo
1205 808 1393 862 territos,
1417 808 1625 867 quando'
1613 799 1668 852 m
1677 813 1893 853 nocturna

528 871 818 930 trepidatione
847 872 1037 918 coituros
1058 872 1082 917 Ρ
1144 872 1209 917 At
1239 870 1431 917 interdiu
1462 871 1649 930 primum
1680 870 1894 917 terribiles

527 949 780 980 occursuras
820 935 950 981 facies
993 934 1255 995 Scytharum
1296 933 1748 994 Bactrianorumque:
1778 933 1895 980 hirta

526 997 612 1041 illis
643 1013 730 1053 ora,
765 1003 810 1043 et
849 999 1045 1045 intonsas
1086 1013 1230 1043 comas
1271 1012 1390 1052 esse;
1435 1007 1661 1058 praeterea
1692 997 1893 1043 eximiam

527 1067 747 1106 vastorum
780 1062 1127 1120 magnitudinem
1157 1076 1388 1121 corporum
1411 1076 1422 1113 ;
1461 1061 1584 1107 vanis
1615 1067 1661 1107 et
1691 1061 1893 1107 inanibus

529 1124 710 1169 militem
752 1125 890 1183 magis
933 1140 1061 1183 quam
1084 1125 1218 1184 justis
1248 1124 1491 1169 formidinis
1523 1124 1663 1170 causis
1694 1124 1857 1170 moveri
1880 1140 1891 1170 :

529 1188 703 1232 Deinde
744 1195 911 1234 tantam
942 1188 1269 1234 multitudinem
1301 1187 1590 1233 circumfundi
1620 1187 1896 1247 paucioribus

529 1266 681 1309 posse:
714 1251 871 1296 nonin
894 1251 1073 1297 Ciliciae
1103 1250 1331 1311 angustiis,
1355 1257 1399 1297 et
1429 1251 1558 1296 inviis
1588 1251 1783 1306 callibus,
1817 1251 1896 1295 sed

530 1315 573 1357 in
607 1320 758 1373 aperta
788 1319 833 1360 et
872 1314 962 1361 lata
989 1315 1170 1374 planitie
1211 1314 1506 1359 dimicandum
1536 1315 1644 1360 fore.
1730 1314 1895 1360 Omnes

528 1378 662 1422 ferme
728 1378 1007 1423 Parmenioni
1057 1378 1354 1424 assentiebant
1376 1393 1387 1423 :
1454 1378 1726 1438 Polypercon
1776 1377 1897 1422 haud

529 1441 663 1485 dubie
692 1441 739 1485 in
771 1456 823 1485 eo
863 1442 1045 1487 consilio
1081 1442 1269 1501 positam
1311 1441 1540 1487 victoriam
1580 1441 1893 1487 arbitrabatur.

531 1506 676 1559 Quem
706 1502 882 1550 intuens
902 1520 981 1551 rex
1005 1503 1210 1565 (namque
1232 1504 1564 1550 Parmenionem
1595 1519 1736 1564 nuper
1756 1504 1897 1550 acrius

529 1583 659 1625 quam
697 1568 830 1613 vellet
859 1568 1133 1628 increpitum,
1166 1583 1316 1614 rursus
1347 1568 1559 1626 castigare
1588 1582 1679 1613 non
1711 1567 1897 1613 sustine-

530 1629 641 1691 ἰήιε),
676 1634 688 1656 ‘
706 1630 1101 1685 Latrunculorum,'
1131 1631 1289 1689 inquit,
1325 1635 1338 1657 ‘
1359 1638 1404 1676 et
1434 1632 1578 1676 furum
1610 1631 1695 1676 ista
1724 1630 1898 1676 solertia

527 1701 608 1748 est,
637 1708 766 1753 quam
788 1694 1034 1753 praecipitis
1054 1693 1189 1738 mihi:
1224 1693 1387 1752 quippe
1406 1693 1582 1741 illorum
1618 1699 1766 1739 votum
1797 1694 1895 1737 uni-

529 1772 629 1801 cum
650 1762 715 1802 est
746 1756 912 1801 fallere.
977 1757 1105 1801 Meae
1135 1770 1239 1801 vero
1259 1756 1425 1814 gloriae
1446 1771 1614 1816 semper
1635 1762 1713 1802 aut
1743 1757 1897 1801 absen-

531 1821 637 1866 tiam
669 1819 810 1875 Darii‚
844 1826 919 1865 aut
950 1820 1176 1878 angustias
1207 1820 1416 1874 locorum,
1451 1825 1528 1865 aut
1558 1819 1725 1866 furtum
1756 1820 1898 1865 noctis

529 1884 703 1928 obstare
732 1897 825 1927 non
854 1883 1026 1942 patiar:
1071 1882 1215 1942 palam
1248 1882 1345 1927 luce
1376 1882 1551 1941 aggredi
1597 1889 1765 1928 certum
1796 1889 1862 1929 est
1886 1899 1896 1934 ;

529 1947 643 1991 malo
683 1961 752 1990 me
790 1945 989 1991 fortunae
1030 1946 1255 2005 poeniteat
1297 1960 1427 2004 quam
1471 1945 1678 1991 victoriae
1718 1946 1898 2005 pudeat.

529 2010 603 2053 Ad
625 2010 730 2054 haec
752 2008 862 2053 illud
894 2023 1066 2067 quoque
1086 2009 1284 2062 accedit3
1319 2008 1488 2066 vigilias
1519 2023 1649 2068 agere
1678 2009 1898 2064 barbaros,

528 2080 572 2117 et
595 2073 640 2116 in
663 2072 793 2117 armis
815 2079 940 2127 stare,
964 2079 1014 2118 ut
1034 2087 1091 2116 ne
1112 2071 1254 2131 decipi
1286 2072 1464 2131 quidem
1495 2072 1676 2131 possint,
1700 2087 1896 2132 comper-

528 2145 622 2180 tum
654 2136 810 2180 habeo.
873 2135 1027 2194 Itaque
1057 2136 1114 2180 ad
1136 2134 1344 2193 praelium
1378 2151 1453 2180 vos
1484 2134 1664 2195 parate.’
1729 2135 1801 2181 Sic
1830 2136 1898 2181 in-

529 2200 686 2245 citatos
707 2200 763 2243 ad
787 2213 968 2257 corpora
989 2199 1183 2244 curanda
1204 2198 1387 2243 dimisit.

592 2263 645 2307 L.
679 2262 842 2307 Darius
861 2262 984 2316 illud,
1003 2263 1122 2321 quod
1147 2262 1376 2306 Parmenio
1397 2267 1603 2316 suaserat,
1619 2262 1790 2308 hostem
1805 2262 1893 2308 fac-

530 2336 677 2371 turum
698 2340 791 2370 esse
823 2325 1083 2383 conjectans,
1116 2325 1334 2371 fraenatos
1366 2340 1499 2384 equos
1521 2332 1649 2380 stare,
1681 2341 1896 2384 magnam-

528 2405 613 2447 que
634 2389 848 2434 exercitus
868 2396 1036 2447 partem
1055 2389 1102 2434 in
1124 2389 1254 2434 armis
1271 2404 1375 2443 esse,
1399 2404 1449 2434 ac
1471 2388 1639 2447 vigilias
1659 2389 1897 2436 intentiore

529 2469 634 2497 cura
665 2451 824 2497 servari
848 2452 1051 2510 jusserat.
1133 2452 1255 2510 Ergo
1285 2453 1461 2510 ignibus
1502 2458 1596 2498 tota
1622 2451 1716 2511 ejus
1757 2460 1897 2498 castra

530 2517 773 2570 fulgebam.
838 2515 935 2575 Ipse
966 2530 1065 2561 cum
1088 2515 1271 2560 ducibus
1292 2516 1633 2575 propinquisque
1654 2517 1830 2574 agmina
1849 2517 1896 2561 in

531 2581 659 2624 armis
682 2578 889 2625 stantium
910 2579 1165 2625 circumibat
1186 2595 1197 2632 ;
1232 2578 1375 2624 Solem
1397 2577 1609 2634 Mithren,
1643 2586 1898 2639 sacrumque

530 2651 575 2689 et
606 2653 830 2689 aeternum
850 2642 1056 2687 invocans
1076 2643 1237 2701 ignem,
1260 2649 1312 2689 ut
1327 2643 1411 2687 illis
1433 2643 1612 2701 dignam
1634 2648 1781 2688 vetere
1800 2643 1895 2701 glo-

532 2707 608 2762 ria,
632 2707 928 2765 majorumque
960 2706 1237 2752 monimentis
1269 2706 1571 2752 fortitudinem
1600 2706 1861 2765 inspirarent
1884 2723 1895 2751 ε

536 2770 594 2815 Et
624 2771 833 2829 profecte,
857 2770 892 2814 si
913 2785 999 2829 qua
1019 2770 1193 2814 divinae
1214 2770 1308 2828 opis
1330 2769 1514 2828 auguria
1534 2769 1723 2815 humana
1753 2776 1899 2815 mente

530 2833 698 2892 «concipi
719 2839 906 2892 possent,
930 2833 1036 2878 deos
1057 2838 1174 2879 stare
1194 2848 1341 2878 secum
1364 2849 1374 2886 ;
1408 2834 1507 2878 illos
1529 2848 1668 2892 nuper
1690 2832 1894 2878 Macedo-

532 2911 638 2941 num
658 2897 811 2941 animis
832 2897 1019 2942 subitam
1033 2896 1263 2942 incussisse
1284 2897 1560 2942 formidinem
1583 2912 1593 2941 z
1618 2896 1762 2942 adhuc
1782 2897 1894 2956 lym-

532 2959 686 3018 phatos
705 2959 809 3006 ferri
840 2960 1010 3021 agique,
1035 2975 1154 3006 arma
1168 2959 1409 3020 jacientes:
1445 2966 1648 3019 expetere
1678 2959 1896 3021 praesides
