2192 3408
350 299 409 346 10
698 297 929 357 QUINTI
961 296 1188 345 CURTII
1220 296 1374 347 RUFI

347 428 486 484 locus,
503 433 552 475 et
571 425 781 473 exercitui
795 431 1065 473 commeatus
1085 427 1395 488 suppetebant.
1460 425 1576 487 Ergo
1596 426 1732 474 Alex-

349 490 493 538 andro
511 490 560 537 in
580 490 675 536 acie
694 490 818 536 miles
838 504 930 535 non
950 490 1109 537 defuit.
1174 490 1340 537 Darius
1359 495 1512 538 tantae
1531 491 1731 539 multitu-

349 555 466 601 dinis
487 567 580 609 rex,
596 552 683 600 loci
703 553 751 599 in
771 569 862 614 quo
882 553 1099 614 pugnavit
1120 554 1338 612 angustiis
1358 553 1565 602 redactus
1585 559 1654 602 est
1673 555 1731 601 ad

347 618 625 678 paucitatem,
643 632 776 678 quam
792 619 839 663 in
859 617 986 664 hoste
1006 623 1345 677 contempserat.

409 680 495 727 lx.
528 680 572 727 4.
606 681 783 728 Interea
814 681 1085 736 Alexander,
1118 681 1407 729 Abistamene
1425 681 1731 743 Cappadociae

345 745 610 806 praeposito,
634 743 837 791 Ciliciam
858 751 1014 805 petens
1036 759 1136 790 cum
1150 745 1355 791 omnibus
1376 746 1527 806 copiis,
1549 746 1726 806 region-

340 824 414 855 em
445 821 561 870 quae
577 809 740 856 Castra
761 809 870 870 Cyri
892 808 1139 869 appellatur
1159 815 1421 869 pervenerat
1444 824 1455 855 ε
1488 810 1651 856 stativa
1664 811 1727 856 ibi

344 873 562 920 habuerat
584 873 742 934 Cyrus,
777 887 915 933 quum
946 873 1178 918 adversum
1213 872 1426 918 Croesum
1456 873 1501 918 in
1536 873 1724 935 Lydiam

339 937 539 983 duceret.
602 937 772 983 Aberat
803 951 857 982 ea
887 936 1010 995 regio
1051 935 1375 996 quinquaginta
1415 937 1580 983 stadia‘
1601 937 1726 985 aditu

339 1015 431 1061 quo
463 999 666 1047 Ciliciam
697 999 915 1046 intramus
937 1015 949 1054 ;
985 998 1121 1062 Pylas
1151 1000 1323 1045 incolae
1343 1000 1513 1057 dicunt,
1537 1001 1725 1048 arctissi-

341 1079 434 1110 mas
469 1063 630 1120 fauces,
653 1064 928 1110 munimenta
958 1078 1073 1124 quae
1113 1077 1270 1109 manu·
1291 1062 1495 1122 ponimus
1537 1066 1729 1111 naturali

339 1128 428 1175 situ
448 1127 666 1174 imitante.
732 1127 878 1186 Igitur
898 1127 1105 1182 Arsanes,
1130 1127 1209 1187 qui
1233 1127 1411 1173 Ciliciae
1426 1133 1641 1187 praeerat,
1656 1143 1726 1174 re-

338 1197 503 1252 putans
544 1191 652 1252 quid
683 1190 811 1238 initio
856 1191 961 1237 belli
994 1191 1209 1236 Memnon
1240 1191 1460 1247 suasisset,
1500 1192 1724 1252 quondam

338 1256 517 1301 salubre
557 1255 786 1301 consilium
829 1270 929 1303 sero
960 1254 1142 1314 exsequi
1173 1254 1359 1301 statuit:
1393 1254 1490 1314 igni
1521 1255 1726 1316 ferroque

340 1319 541 1366 Ciliciam
572 1323 728 1374 vastat,²
762 1324 815 1365 ut
854 1318 973 1365 hosti
1005 1318 1289 1364 solitudinem
1320 1318 1453 1364 saciat
1476 1333 1488 1374 3
1517 1319 1728 1380 quicquid

337 1382 439 1429 usui
470 1397 566 1429 esse
600 1388 762 1443 potest,
796 1383 1070 1442 corrumpit;
1104 1382 1256 1428 sterile
1286 1397 1336 1428 ac
1367 1383 1538 1428 nudum
1570 1384 1725 1439 solum,

335 1446 458 1507 quod
489 1446 606 1494 tueri
627 1447 854 1506 nequibat,
878 1446 1126 1491 relicturus.
1192 1446 1283 1491 Sed
1303 1445 1438 1505 longe
1457 1446 1613 1493 utilius
1642 1444 1728 1493 fuit

336 1510 566 1571 angustias
606 1510 753 1556 aditus
789 1510 868 1570 qui
901 1509 1099 1555 Ciliciam
1132 1509 1276 1569 aperit
1317 1509 1466 1555 valido
1512 1524 1728 1570 occupare

335 1574 569 1634 praesidio,
595 1573 844 1633 ,iugumque
875 1580 1124 1634 opportune
1154 1572 1307 1619 itineri
1327 1572 1560 1619 imminens
1580 1574 1727 1621 obtin·

334 1653 421 1694 ere,
438 1637 568 1684 unde
587 1637 757 1683 inultus
770 1638 1032 1683 subeuntem
1046 1643 1125 1682 aut
1138 1636 1373 1696 prohibere
1388 1642 1469 1682 aut
1481 1637 1728 1697 opprimere

334 1701 507 1748 hostem
528 1700 758 1762 potuisset.
803 1700 946 1756 Tunc,
969 1700 1122 1770 paucis
1132 1700 1210 1760 qui
1227 1700 1325 1745 call
1326 1701 1412 1746 bus
1424 1700 1727 1760 praesiderent

333 1765 512 1820 relictis,
555 1771 677 1812 retro
707 1764 801 1825 ipse
832 1764 1061 1819 concessit,
1093 1760 1331 1824 populator
1359 1770 1506 1810 terrae
1536 1779 1667 1824 quam
1699 1781 1727 1810 a

332 1828 692 1890 populationibus
723 1828 949 1874 vindicare
983 1828 1216 1874 debuerat.
1303 1826 1425 1887 Ergo
1467 1827 1544 1887 qui
1585 1828 1728 1875 relicti

332 1898 474 1949 erant,
495 1892 697 1953 proditos
713 1906 760 1938 se
772 1892 873 1947 rati,
889 1906 947 1937 ne
959 1899 1246 1951 conspectum
1267 1891 1446 1950 quidem
1466 1890 1606 1938 hostis
1626 1908 1721 1938 sus-

331 1957 474 2003 tinere
486 1956 735 2011 valuerunt,
744 1970 845 2001 cum
866 1955 936 2001 vel
956 1956 1185 2015 pauciores
1201 1954 1348 1999 locum
1369 1954 1573 2000 obtinere
1591 1963 1722 2016 potu·

333 2020 488 2067 issent.
517 2069 519 2071 ,
551 2019 757 2079 Namque
785 2025 1003 2079 perpetuo
1026 2018 1142 2079 jugo
1163 2017 1329 2063 montis
1360 2018 1504 2078 asperi
1525 2032 1577 2065 ac
1597 2034 1724 2079 prae-

333 2083 454 2144 rupti
487 2083 664 2129 Cilicia'
681 2082 959 2137 includitur3
1004 2082 1126 2143 quod
1167 2096 1305 2142 quum
1344 2096 1372 2127 a
1413 2082 1524 2127 mari
1556 2089 1724 2142 surgat,

335 2148 475 2194 veluti
507 2148 607 2192 sinu
639 2146 831 2207 quodam
873 2146 1079 2207 flexuque
1110 2150 1356 2200 curvatum,
1399 2160 1553 2191 rursus
1584 2146 1725 2192 altero

334 2226 471 2257 cornu
495 2210 544 2256 in
565 2210 785 2256 diversum
799 2210 927 2257 littus
949 2209 1157 2255 excurrit.
1224 2208 1311 2254 Per
1324 2209 1409 2254 hoc
1426 2208 1622 2265 dorsum,
1637 2225 1726 2270 qua

334 2275 525 2321 maxime
544 2274 784 2321 introrsum
814 2274 928 2320 mari
958 2273 1090 2327 cedit,
1115 2271 1258 2333 asperi
1280 2279 1369 2319 tres
1391 2272 1539 2319 aditus
1560 2278 1607 2319 et
1627 2288 1725 2333 per-

336 2354 368 2384 a·
365 2332 514 2399 ›gusti
535 2344 674 2392 sunt3
709 2352 896 2398 quorum
917 2353 1007 2383 uno
1031 2336 1187 2382 Cilicia
1207 2336 1417 2381 intranda
1447 2342 1528 2383 est.
1597 2336 1726 2383 Cam·

332 2403 490 2463 postris
510 2402 662 2448 eadem
685 2416 773 2461 qua
792 2402 939 2461 vergit
959 2401 1017 2447 ad
1037 2415 1170 2456 mare,
1194 2399 1422 2475 planitiem
1445 2398 1539 2459 ejus
1560 2400 1723 2447 crebris

334 2466 710 2525 distinguentibus
730 2465 860 2511 rivis·
887 2465 1102 2526 Pyramus
1123 2469 1169 2511 et
1187 2463 1406 2524 Cydnus
1392 2478 1441 2509 m
1443 2464 1553 2524 clyti
1573 2478 1723 2510 amnes

338 2530 499 2577 fluunt.

400 2593 461 2640 X.
498 2592 687 2654 Cydnus
706 2607 797 2639 non
818 2592 962 2652 spatio
983 2606 1197 2652 aquarum
1219 2591 1298 2637 sed
1319 2591 1489 2651 liquore
1509 2606 1723 2638 memora-

336 2658 472 2711 bilis;
508 2657 669 2717 quippe
698 2656 789 2702 leni
820 2662 967 2702 tractu
998 2671 1024 2700 e
1053 2655 1253 2701 fontibus
1283 2655 1449 2711 labens,
1483 2670 1597 2716 puro
1629 2656 1722 2701 solo

339 2721 571 2782 excipitur,
594 2735 678 2767 nee
699 2725 917 2767 torrentes
946 2720 1182 2765 incurrunt
1203 2719 1281 2778 qui
1301 2719 1473 2777 placide
1503 2720 1722 2766 manantis

339 2786 515 2833 alveum
534 2785 731 2832 turbent.
795 2783 954 2843 Itaque
973 2783 1269 2843 incorruptus,
1290 2782 1496 2843 idemque
1525 2782 1717 2842 frigidis-

340 2847 476 2896 simus
512 2848 676 2910 quippe
711 2848 853 2894 muita
893 2846 1087 2921 riparum
1128 2846 1397 2893 amoenitate
1431 2846 1721 2903 inumbratus,

339 2913 508 2974 ubique
521 2911 731 2959 ’fontibus
760 2910 851 2957 suis
871 2910 1023 2956 similis
1053 2910 1100 2955 in
1131 2925 1254 2956 mare
1284 2909 1445 2956 evadit.
1510 2909 1687 2957 Multa
1674 2925 1724 2956 m

340 2992 392 3023 ea
415 2976 606 3037 regione
625 2980 913 3022 monumenta
933 2989 962 3020 v
963 2974 1114 3033 ulgata
1145 2973 1413 3021 carminibus
1432 2978 1629 3021 vetustas
1648 2986 1725 3020 ex-
