<?xml version="1.0" encoding="UTF-8"?>
<!DOCTYPE html PUBLIC "-//W3C//DTD XHTML 1.0 Transitional//EN"
    "http://www.w3.org/TR/xhtml1/DTD/xhtml1-transitional.dtd">
<html xmlns="http://www.w3.org/1999/xhtml" xml:lang="en" lang="en">
 <head>
  <title>
</title>
<meta http-equiv="Content-Type" content="text/html;charset=utf-8" />
  <meta name='ocr-system' content='tesseract 3.04.00' />
  <meta name='ocr-capabilities' content='ocr_page ocr_carea ocr_par ocr_line ocrx_word'/>
</head>
<body>
  <div class='ocr_page' id='page_1' title='image "./cihm_28592_0046.png"; bbox 0 0 2208 3424; ppageno 0'>
   <div class='ocr_carea' id='block_1_1' title="bbox 0 0 171 3424">
    <p class='ocr_par' dir='ltr' id='par_1_1' title="bbox 0 0 171 3424">
     <span class='ocr_line' id='line_1_1' title="bbox 0 0 171 3424; baseline 0 0"><span class='ocrx_word' id='word_1_1' title='bbox 0 0 171 3424; x_wconf 95' lang='lat' dir='ltr'> </span> 
     </span>
    </p>
   </div>
   <div class='ocr_carea' id='block_1_2' title="bbox 438 257 1360 345">
    <p class='ocr_par' dir='ltr' id='par_1_2' title="bbox 438 257 1360 345">
     <span class='ocr_line' id='line_1_2' title="bbox 438 257 1360 345; baseline -0.001 -9"><span class='ocrx_word' id='word_1_2' title='bbox 438 289 499 336; x_wconf 81' lang='lat'>40</span> <span class='ocrx_word' id='word_1_3' title='bbox 812 289 1005 337; x_wconf 59' lang='lat' dir='ltr'>121131313v</span> <span class='ocrx_word' id='word_1_4' title='bbox 1040 257 1360 345; x_wconf 78' lang='lat' dir='ltr'>QUARTUS.</span> 
     </span>
    </p>
   </div>
   <div class='ocr_carea' id='block_1_3' title="bbox 425 413 1808 1743">
    <p class='ocr_par' dir='ltr' id='par_1_3' title="bbox 430 413 1808 856">
     <span class='ocr_line' id='line_1_3' title="bbox 435 413 1805 475; baseline -0.002 -12"><span class='ocrx_word' id='word_1_5' title='bbox 435 417 573 463; x_wconf 86' lang='lat' dir='ltr'>muris</span> <span class='ocrx_word' id='word_1_6' title='bbox 593 416 737 463; x_wconf 88' lang='lat' dir='ltr'>subito</span> <span class='ocrx_word' id='word_1_7' title='bbox 757 416 1060 462; x_wconf 77' lang='lat' dir='ltr'>devolvebant.</span> <span class='ocrx_word' id='word_1_8' title='bbox 1106 415 1202 462; x_wconf 90' lang='lat' dir='ltr'>Nec</span> <span class='ocrx_word' id='word_1_9' title='bbox 1231 416 1325 462; x_wconf 71' lang='lat' dir='ltr'>ulla.</span> <span class='ocrx_word' id='word_1_10' title='bbox 1354 415 1487 475; x_wconf 78' lang='lat' dir='ltr'>pestis</span> <span class='ocrx_word' id='word_1_11' title='bbox 1520 414 1657 475; x_wconf 85' lang='lat' dir='ltr'>magis</span> <span class='ocrx_word' id='word_1_12' title='bbox 1679 413 1805 462; x_wconf 83' lang='lat' dir='ltr'>timc-</span> 
     </span>
     <span class='ocr_line' id='line_1_4' title="bbox 434 479 1808 540; baseline -0.004 -13"><span class='ocrx_word' id='word_1_13' title='bbox 434 480 566 528; x_wconf 87' lang='lat' dir='ltr'>batur</span> <span class='ocrx_word' id='word_1_14' title='bbox 587 495 598 526; x_wconf 89' lang='lat'><strong>:</strong></span> <span class='ocrx_word' id='word_1_15' title='bbox 644 479 804 540; x_wconf 89' lang='lat' dir='ltr'>quippe</span> <span class='ocrx_word' id='word_1_16' title='bbox 845 480 924 525; x_wconf 90' lang='lat' dir='ltr'>ubi</span> <span class='ocrx_word' id='word_1_17' title='bbox 964 479 1141 525; x_wconf 87' lang='lat' dir='ltr'>loricam</span> <span class='ocrx_word' id='word_1_18' title='bbox 1183 494 1423 540; x_wconf 81' lang='lat' dir='ltr'><strong>corpusque</strong></span> <span class='ocrx_word' id='word_1_19' title='bbox 1463 479 1634 525; x_wconf 82' lang='lat' dir='ltr'>fervens</span> <span class='ocrx_word' id='word_1_20' title='bbox 1677 492 1808 524; x_wconf 87' lang='lat' dir='ltr'>arena</span> 
     </span>
     <span class='ocr_line' id='line_1_5' title="bbox 434 542 1807 604; baseline -0.002 -14"><span class='ocrx_word' id='word_1_21' title='bbox 434 548 751 604; x_wconf 85' lang='lat' dir='ltr'>penetraverat,</span> <span class='ocrx_word' id='word_1_22' title='bbox 784 558 865 589; x_wconf 90' lang='lat' dir='ltr'>nec</span> <span class='ocrx_word' id='word_1_23' title='bbox 887 542 977 588; x_wconf 88' lang='lat' dir='ltr'>ulla</span> <span class='ocrx_word' id='word_1_24' title='bbox 996 542 1040 588; x_wconf 92' lang='lat' dir='ltr'>vi</span> <span class='ocrx_word' id='word_1_25' title='bbox 1059 543 1208 589; x_wconf 81' lang='lat' dir='ltr'>excuti</span> <span class='ocrx_word' id='word_1_26' title='bbox 1227 549 1415 602; x_wconf 88' lang='lat' dir='ltr'>poterat,</span> <span class='ocrx_word' id='word_1_27' title='bbox 1438 548 1484 588; x_wconf 92' lang='lat' dir='ltr'>et</span> <span class='ocrx_word' id='word_1_28' title='bbox 1505 542 1718 602; x_wconf 89' lang='lat' dir='ltr'>quidquid</span> <span class='ocrx_word' id='word_1_29' title='bbox 1739 547 1807 587; x_wconf 90' lang='lat' dir='ltr'>at-</span> 
     </span>
     <span class='ocr_line' id='line_1_6' title="bbox 432 605 1806 666; baseline -0.001 -15"><span class='ocrx_word' id='word_1_30' title='bbox 432 607 594 666; x_wconf 78' lang='lat' dir='ltr'><strong>tigerat</strong></span> <span class='ocrx_word' id='word_1_31' title='bbox 615 607 849 666; x_wconf 81' lang='lat' dir='ltr'>perurebat</span> <span class='ocrx_word' id='word_1_32' title='bbox 869 622 881 661; x_wconf 84' lang='lat'>;</span> <span class='ocrx_word' id='word_1_33' title='bbox 909 606 1209 666; x_wconf 84' lang='lat' dir='ltr'>jacientesque</span> <span class='ocrx_word' id='word_1_34' title='bbox 1229 620 1363 660; x_wconf 87' lang='lat' dir='ltr'>arma,</span> <span class='ocrx_word' id='word_1_35' title='bbox 1387 605 1584 652; x_wconf 86' lang='lat' dir='ltr'>laceratis</span> <span class='ocrx_word' id='word_1_36' title='bbox 1605 605 1806 650; x_wconf 82' lang='lat' dir='ltr'>omnibus</span> 
     </span>
     <span class='ocr_line' id='line_1_7' title="bbox 431 668 1805 731; baseline -0.001 -17"><span class='ocrx_word' id='word_1_37' title='bbox 431 668 555 729; x_wconf 85' lang='lat' dir='ltr'>queis</span> <span class='ocrx_word' id='word_1_38' title='bbox 575 670 748 730; x_wconf 80' lang='lat' dir='ltr'>protegi</span> <span class='ocrx_word' id='word_1_39' title='bbox 761 675 978 731; x_wconf 83' lang='lat' dir='ltr'>poterant,</span> <span class='ocrx_word' id='word_1_40' title='bbox 1001 669 1254 715; x_wconf 87' lang='lat' dir='ltr'>vulneribus</span> <span class='ocrx_word' id='word_1_41' title='bbox 1275 669 1407 715; x_wconf 72' lang='lat' dir='ltr'>inulti</span> <span class='ocrx_word' id='word_1_42' title='bbox 1427 669 1663 729; x_wconf 86' lang='lat' dir='ltr'>patebant:</span> <span class='ocrx_word' id='word_1_43' title='bbox 1687 668 1805 713; x_wconf 85' lang='lat' dir='ltr'>corvi</span> 
     </span>
     <span class='ocr_line' id='line_1_8' title="bbox 432 732 1803 793; baseline -0.001 -16"><span class='ocrx_word' id='word_1_44' title='bbox 432 747 534 778; x_wconf 84' lang='lat' dir='ltr'>vero</span> <span class='ocrx_word' id='word_1_45' title='bbox 556 740 602 780; x_wconf 92' lang='lat' dir='ltr'>et</span> <span class='ocrx_word' id='word_1_46' title='bbox 621 733 787 780; x_wconf 83' lang='lat' dir='ltr'>ferreae</span> <span class='ocrx_word' id='word_1_47' title='bbox 818 749 971 781; x_wconf 87' lang='lat' dir='ltr'>manus</span> <span class='ocrx_word' id='word_1_48' title='bbox 1002 732 1232 780; x_wconf 86' lang='lat' dir='ltr'>tormentis</span> <span class='ocrx_word' id='word_1_49' title='bbox 1263 732 1443 779; x_wconf 78' lang='lat' dir='ltr'>emissae</span> <span class='ocrx_word' id='word_1_50' title='bbox 1473 732 1704 793; x_wconf 87' lang='lat' dir='ltr'>plerosque</span> <span class='ocrx_word' id='word_1_51' title='bbox 1734 746 1803 776; x_wconf 84' lang='lat' dir='ltr'>ra—</span> 
     </span>
     <span class='ocr_line' id='line_1_9' title="bbox 430 796 626 856; baseline 0.005 -16"><span class='ocrx_word' id='word_1_52' title='bbox 430 796 626 856; x_wconf 90' lang='lat' dir='ltr'>piebant.</span> 
     </span>
    </p>

    <p class='ocr_par' dir='ltr' id='par_1_4' title="bbox 425 858 1808 1743">
     <span class='ocr_line' id='line_1_10' title="bbox 493 858 1799 919; baseline -0.003 -13"><span class='ocrx_word' id='word_1_53' title='bbox 493 859 622 906; x_wconf 90' lang='lat' dir='ltr'><strong>XVI.</strong></span> <span class='ocrx_word' id='word_1_54' title='bbox 655 861 699 906; x_wconf 91' lang='lat'>4.</span> <span class='ocrx_word' id='word_1_55' title='bbox 723 860 814 906; x_wconf 90' lang='lat' dir='ltr'>Hic</span> <span class='ocrx_word' id='word_1_56' title='bbox 835 875 913 906; x_wconf 85' lang='lat' dir='ltr'>rex</span> <span class='ocrx_word' id='word_1_57' title='bbox 928 859 1152 919; x_wconf 83' lang='lat' dir='ltr'>fatigat-us,</span> <span class='ocrx_word' id='word_1_58' title='bbox 1176 863 1391 906; x_wconf 70' lang='lat' dir='ltr'>statuerat</span> <span class='ocrx_word' id='word_1_59' title='bbox 1407 859 1551 905; x_wconf 88' lang='lat' dir='ltr'>soluta</span> <span class='ocrx_word' id='word_1_60' title='bbox 1572 858 1799 904; x_wconf 83' lang='lat' dir='ltr'>obsidione</span> 
     </span>
     <span class='ocr_line' id='line_1_11' title="bbox 427 921 1802 983; baseline -0.002 -14"><span class='ocrx_word' id='word_1_61' title='bbox 427 923 684 983; x_wconf 87' lang='lat' dir='ltr'>Aegyptum</span> <span class='ocrx_word' id='word_1_62' title='bbox 705 930 888 983; x_wconf 88' lang='lat' dir='ltr'>petere;</span> <span class='ocrx_word' id='word_1_63' title='bbox 921 924 1081 983; x_wconf 86' lang='lat' dir='ltr'>quippe</span> <span class='ocrx_word' id='word_1_64' title='bbox 1112 937 1245 982; x_wconf 90' lang='lat' dir='ltr'>quum</span> <span class='ocrx_word' id='word_1_65' title='bbox 1267 922 1419 968; x_wconf 73' lang='lat' dir='ltr'>Asiam</span> <span class='ocrx_word' id='word_1_66' title='bbox 1450 922 1621 981; x_wconf 82' lang='lat' dir='ltr'>ingenti</span> <span class='ocrx_word' id='word_1_67' title='bbox 1651 921 1802 968; x_wconf 83' lang='lat' dir='ltr'>celeri-</span> 
     </span>
     <span class='ocr_line' id='line_1_12' title="bbox 429 986 1805 1046; baseline -0.001 -15"><span class='ocrx_word' id='word_1_68' title='bbox 429 993 523 1032; x_wconf 84' lang='lat' dir='ltr'>tate</span> <span class='ocrx_word' id='word_1_69' title='bbox 531 988 841 1060; x_wconf 77' lang='lat' dir='ltr'>percurrisset,</span> <span class='ocrx_word' id='word_1_70' title='bbox 875 987 992 1033; x_wconf 82' lang='lat' dir='ltr'>circa</span> <span class='ocrx_word' id='word_1_71' title='bbox 1021 1001 1169 1031; x_wconf 87' lang='lat' dir='ltr'>muros</span> <span class='ocrx_word' id='word_1_72' title='bbox 1190 986 1320 1031; x_wconf 81' lang='lat' dir='ltr'>unius</span> <span class='ocrx_word' id='word_1_73' title='bbox 1342 986 1461 1031; x_wconf 84' lang='lat' dir='ltr'>urbis</span> <span class='ocrx_word' id='word_1_74' title='bbox 1483 986 1523 1030; x_wconf 84' lang='lat' dir='ltr'>h·</span> <span class='ocrx_word' id='word_1_75' title='bbox 1514 986 1703 1041; x_wconf 69' lang='lat' dir='ltr'>terebat,</span> <span class='ocrx_word' id='word_1_76' title='bbox 1736 991 1805 1031; x_wconf 85' lang='lat' dir='ltr'>tot</span> 
     </span>
     <span class='ocr_line' id='line_1_13' title="bbox 427 1049 1799 1111; baseline -0.001 -17"><span class='ocrx_word' id='word_1_77' title='bbox 427 1049 713 1096; x_wconf 84' lang='lat' dir='ltr'>maximarum</span> <span class='ocrx_word' id='word_1_78' title='bbox 755 1065 902 1097; x_wconf 88' lang='lat' dir='ltr'>rerum</span> <span class='ocrx_word' id='word_1_79' title='bbox 944 1050 1272 1111; x_wconf 86' lang='lat' dir='ltr'>opportunitate</span> <span class='ocrx_word' id='word_1_80' title='bbox 1307 1049 1493 1094; x_wconf 79' lang='lat' dir='ltr'>dimissa.</span> <span class='ocrx_word' id='word_1_81' title='bbox 1580 1049 1799 1102; x_wconf 82' lang='lat' dir='ltr'>Ceterum,</span> 
     </span>
     <span class='ocr_line' id='line_1_14' title="bbox 427 1110 1801 1177; baseline -0.003 -19"><span class='ocrx_word' id='word_1_82' title='bbox 427 1118 519 1158; x_wconf 91' lang='lat' dir='ltr'>tam</span> <span class='ocrx_word' id='word_1_83' title='bbox 550 1113 775 1160; x_wconf 78' lang='lat' dir='ltr'>discedeie</span> <span class='ocrx_word' id='word_1_84' title='bbox 804 1114 977 1161; x_wconf 90' lang='lat' dir='ltr'>irritum</span> <span class='ocrx_word' id='word_1_85' title='bbox 1008 1128 1140 1177; x_wconf 85' lang='lat' dir='ltr'>quam</span> <span class='ocrx_word' id='word_1_86' title='bbox 1170 1112 1330 1158; x_wconf 86' lang='lat' dir='ltr'>morari</span> <span class='ocrx_word' id='word_1_87' title='bbox 1350 1113 1559 1172; x_wconf 82' lang='lat' dir='ltr'>pudebat.</span> <span class='ocrx_word' id='word_1_88' title='bbox 1623 1110 1801 1157; x_wconf 83' lang='lat' dir='ltr'>Famam</span> 
     </span>
     <span class='ocr_line' id='line_1_15' title="bbox 429 1175 1804 1237; baseline -0.002 -15"><span class='ocrx_word' id='word_1_89' title='bbox 429 1191 616 1237; x_wconf 89' lang='lat' dir='ltr'>quoque,</span> <span class='ocrx_word' id='word_1_90' title='bbox 640 1193 727 1237; x_wconf 89' lang='lat' dir='ltr'>qua</span> <span class='ocrx_word' id='word_1_91' title='bbox 758 1178 898 1237; x_wconf 88' lang='lat' dir='ltr'>plura,</span> <span class='ocrx_word' id='word_1_92' title='bbox 933 1192 1062 1236; x_wconf 89' lang='lat' dir='ltr'>quam</span> <span class='ocrx_word' id='word_1_93' title='bbox 1084 1177 1228 1231; x_wconf 89' lang='lat' dir='ltr'>armis,</span> <span class='ocrx_word' id='word_1_94' title='bbox 1251 1182 1482 1231; x_wconf 70' lang='lat' dir='ltr'>everterat,</span> <span class='ocrx_word' id='word_1_95' title='bbox 1516 1182 1637 1221; x_wconf 86' lang='lat' dir='ltr'>ratus</span> <span class='ocrx_word' id='word_1_96' title='bbox 1668 1175 1804 1220; x_wconf 87' lang='lat' dir='ltr'>levio-</span> 
     </span>
     <span class='ocr_line' id='line_1_16' title="bbox 429 1238 1804 1301; baseline -0.002 -16"><span class='ocrx_word' id='word_1_97' title='bbox 429 1254 521 1285; x_wconf 89' lang='lat' dir='ltr'>rem</span> <span class='ocrx_word' id='word_1_98' title='bbox 537 1240 645 1296; x_wconf 86' lang='lat' dir='ltr'>fore,</span> <span class='ocrx_word' id='word_1_99' title='bbox 661 1241 697 1286; x_wconf 87' lang='lat' dir='ltr'>si</span> <span class='ocrx_word' id='word_1_100' title='bbox 720 1241 812 1301; x_wconf 82' lang='lat' dir='ltr'>Ty1</span> <span class='ocrx_word' id='word_1_101' title='bbox 815 1257 902 1296; x_wconf 91' lang='lat' dir='ltr'>um,</span> <span class='ocrx_word' id='word_1_102' title='bbox 926 1238 1047 1299; x_wconf 89' lang='lat' dir='ltr'>quasi</span> <span class='ocrx_word' id='word_1_103' title='bbox 1066 1246 1222 1286; x_wconf 83' lang='lat' dir='ltr'>testem</span> <span class='ocrx_word' id='word_1_104' title='bbox 1243 1255 1291 1285; x_wconf 89' lang='lat' dir='ltr'>se</span> <span class='ocrx_word' id='word_1_105' title='bbox 1311 1254 1437 1299; x_wconf 86' lang='lat' dir='ltr'>posse</span> <span class='ocrx_word' id='word_1_106' title='bbox 1458 1239 1587 1295; x_wconf 91' lang='lat' dir='ltr'>vinci,</span> <span class='ocrx_word' id='word_1_107' title='bbox 1610 1238 1804 1296; x_wconf 88' lang='lat' dir='ltr'>reliquis-</span> 
     </span>
     <span class='ocr_line' id='line_1_17' title="bbox 428 1303 1800 1364; baseline -0.002 -15"><span class='ocrx_word' id='word_1_108' title='bbox 428 1310 510 1350; x_wconf 81' lang='lat' dir='ltr'>set.</span> <span class='ocrx_word' id='word_1_109' title='bbox 576 1304 719 1362; x_wconf 86' lang='lat' dir='ltr'>Igitur</span> <span class='ocrx_word' id='word_1_110' title='bbox 740 1319 798 1349; x_wconf 91' lang='lat' dir='ltr'>ne</span> <span class='ocrx_word' id='word_1_111' title='bbox 818 1304 925 1362; x_wconf 87' lang='lat' dir='ltr'>quid</span> <span class='ocrx_word' id='word_1_112' title='bbox 947 1305 1218 1364; x_wconf 81' lang='lat' dir='ltr'>inexpertum</span> <span class='ocrx_word' id='word_1_113' title='bbox 1239 1304 1477 1358; x_wconf 88' lang='lat' dir='ltr'>omitteret,</span> <span class='ocrx_word' id='word_1_114' title='bbox 1501 1303 1645 1362; x_wconf 89' lang='lat' dir='ltr'>plures</span> <span class='ocrx_word' id='word_1_115' title='bbox 1666 1316 1800 1347; x_wconf 84' lang='lat' dir='ltr'>naves</span> 
     </span>
     <span class='ocr_line' id='line_1_18' title="bbox 428 1366 1803 1426; baseline -0.001 -14"><span class='ocrx_word' id='word_1_116' title='bbox 428 1367 650 1412; x_wconf 88' lang='lat' dir='ltr'>admoveri</span> <span class='ocrx_word' id='word_1_117' title='bbox 664 1366 807 1426; x_wconf 89' lang='lat' dir='ltr'>jubet,</span> <span class='ocrx_word' id='word_1_118' title='bbox 831 1368 1109 1426; x_wconf 77' lang='lat' dir='ltr'>delectosque</span> <span class='ocrx_word' id='word_1_119' title='bbox 1140 1367 1329 1413; x_wconf 88' lang='lat' dir='ltr'>militum</span> <span class='ocrx_word' id='word_1_120' title='bbox 1360 1366 1542 1426; x_wconf 88' lang='lat' dir='ltr'>imponi.</span> <span class='ocrx_word' id='word_1_121' title='bbox 1606 1366 1667 1411; x_wconf 81' lang='lat' dir='ltr'>Et</span> <span class='ocrx_word' id='word_1_122' title='bbox 1687 1366 1803 1412; x_wconf 80' lang='lat' dir='ltr'>forte</span> 
     </span>
     <span class='ocr_line' id='line_1_19' title="bbox 426 1429 1801 1490; baseline -0.002 -15"><span class='ocrx_word' id='word_1_123' title='bbox 426 1430 571 1476; x_wconf 88' lang='lat' dir='ltr'>bellua</span> <span class='ocrx_word' id='word_1_124' title='bbox 591 1431 827 1477; x_wconf 85' lang='lat' dir='ltr'>inusitatae</span> <span class='ocrx_word' id='word_1_125' title='bbox 848 1430 1166 1490; x_wconf 76' lang='lat' dir='ltr'>magnitudinis</span> <span class='ocrx_word' id='word_1_126' title='bbox 1188 1445 1318 1490; x_wconf 88' lang='lat' dir='ltr'>super</span> <span class='ocrx_word' id='word_1_127' title='bbox 1336 1429 1452 1488; x_wconf 87' lang='lat' dir='ltr'>ipsos</span> <span class='ocrx_word' id='word_1_128' title='bbox 1479 1430 1640 1475; x_wconf 87' lang='lat' dir='ltr'>fluctus</span> <span class='ocrx_word' id='word_1_129' title='bbox 1669 1429 1801 1473; x_wconf 86' lang='lat' dir='ltr'>dorso</span> 
     </span>
     <span class='ocr_line' id='line_1_20' title="bbox 426 1492 1804 1553; baseline -0.001 -15"><span class='ocrx_word' id='word_1_130' title='bbox 426 1494 634 1549; x_wconf 77' lang='lat' dir='ltr'>eminenS‚</span> <span class='ocrx_word' id='word_1_131' title='bbox 668 1495 726 1539; x_wconf 87' lang='lat' dir='ltr'>ad</span> <span class='ocrx_word' id='word_1_132' title='bbox 756 1494 929 1549; x_wconf 86' lang='lat' dir='ltr'>molem,</span> <span class='ocrx_word' id='word_1_133' title='bbox 954 1509 1080 1553; x_wconf 88' lang='lat' dir='ltr'>quam</span> <span class='ocrx_word' id='word_1_134' title='bbox 1112 1494 1375 1540; x_wconf 85' lang='lat' dir='ltr'>Macedones</span> <span class='ocrx_word' id='word_1_135' title='bbox 1400 1492 1611 1553; x_wconf 84' lang='lat' dir='ltr'>jecerant,</span> <span class='ocrx_word' id='word_1_136' title='bbox 1644 1493 1804 1550; x_wconf 85' lang='lat' dir='ltr'>ingens</span> 
     </span>
     <span class='ocr_line' id='line_1_21' title="bbox 425 1556 1801 1617; baseline -0.001 -16"><span class='ocrx_word' id='word_1_137' title='bbox 425 1572 584 1616; x_wconf 83' lang='lat' dir='ltr'>corpus</span> <span class='ocrx_word' id='word_1_138' title='bbox 605 1557 827 1617; x_wconf 88' lang='lat' dir='ltr'>applicuit,</span> <span class='ocrx_word' id='word_1_139' title='bbox 861 1558 1233 1617; x_wconf 84' lang='lat' dir='ltr'>diverberatisque</span> <span class='ocrx_word' id='word_1_140' title='bbox 1262 1557 1470 1602; x_wconf 88' lang='lat' dir='ltr'>fluctibus</span> <span class='ocrx_word' id='word_1_141' title='bbox 1511 1556 1702 1601; x_wconf 88' lang='lat' dir='ltr'>allevans</span> <span class='ocrx_word' id='word_1_142' title='bbox 1734 1570 1801 1600; x_wconf 88' lang='lat' dir='ltr'>se-</span> 
     </span>
     <span class='ocr_line' id='line_1_22' title="bbox 425 1619 1805 1681; baseline -0.001 -16"><span class='ocrx_word' id='word_1_143' title='bbox 425 1627 531 1675; x_wconf 89' lang='lat' dir='ltr'>met,</span> <span class='ocrx_word' id='word_1_144' title='bbox 546 1622 767 1680; x_wconf 86' lang='lat' dir='ltr'>utrimque</span> <span class='ocrx_word' id='word_1_145' title='bbox 783 1628 1015 1681; x_wconf 88' lang='lat' dir='ltr'>conspecta</span> <span class='ocrx_word' id='word_1_146' title='bbox 1028 1627 1095 1667; x_wconf 92' lang='lat' dir='ltr'>est</span> <span class='ocrx_word' id='word_1_147' title='bbox 1110 1636 1121 1674; x_wconf 91' lang='lat'>;</span> <span class='ocrx_word' id='word_1_148' title='bbox 1140 1621 1301 1666; x_wconf 85' lang='lat' dir='ltr'>deinde</span> <span class='ocrx_word' id='word_1_149' title='bbox 1317 1635 1343 1664; x_wconf 92' lang='lat' dir='ltr'>a</span> <span class='ocrx_word' id='word_1_150' title='bbox 1355 1621 1498 1680; x_wconf 87' lang='lat' dir='ltr'>capite</span> <span class='ocrx_word' id='word_1_151' title='bbox 1515 1619 1637 1664; x_wconf 90' lang='lat' dir='ltr'>molis</span> <span class='ocrx_word' id='word_1_152' title='bbox 1655 1633 1805 1664; x_wconf 82' lang='lat' dir='ltr'>rursus</span> 
     </span>
     <span class='ocr_line' id='line_1_23' title="bbox 425 1683 1808 1743; baseline -0.001 -15"><span class='ocrx_word' id='word_1_153' title='bbox 425 1683 515 1729; x_wconf 86' lang='lat' dir='ltr'>alto</span> <span class='ocrx_word' id='word_1_154' title='bbox 538 1701 584 1728; x_wconf 62' lang='lat' dir='ltr'>„e</span> <span class='ocrx_word' id='word_1_155' title='bbox 604 1684 827 1740; x_wconf 81' lang='lat' dir='ltr'>immersit,</span> <span class='ocrx_word' id='word_1_156' title='bbox 862 1700 914 1730; x_wconf 89' lang='lat' dir='ltr'>ac</span> <span class='ocrx_word' id='word_1_157' title='bbox 946 1685 1075 1730; x_wconf 90' lang='lat' dir='ltr'>modo</span> <span class='ocrx_word' id='word_1_158' title='bbox 1108 1699 1237 1743; x_wconf 89' lang='lat' dir='ltr'>super</span> <span class='ocrx_word' id='word_1_159' title='bbox 1268 1683 1409 1729; x_wconf 88' lang='lat' dir='ltr'>undas</span> <span class='ocrx_word' id='word_1_160' title='bbox 1430 1683 1624 1728; x_wconf 87' lang='lat' dir='ltr'>eminens</span> <span class='ocrx_word' id='word_1_161' title='bbox 1645 1696 1808 1740; x_wconf 89' lang='lat' dir='ltr'>magna</span> 
     </span>
    </p>
   </div>
   <div class='ocr_carea' id='block_1_4' title="bbox 423 1745 1840 1809">
    <p class='ocr_par' dir='ltr' id='par_1_5' title="bbox 423 1745 1840 1809">
     <span class='ocr_line' id='line_1_24' title="bbox 423 1745 1840 1809; baseline -0.001 -18"><span class='ocrx_word' id='word_1_162' title='bbox 423 1746 491 1791; x_wconf 88' lang='lat' dir='ltr'>sui</span> <span class='ocrx_word' id='word_1_163' title='bbox 511 1755 650 1806; x_wconf 87' lang='lat' dir='ltr'>parte,</span> <span class='ocrx_word' id='word_1_164' title='bbox 665 1748 799 1808; x_wconf 84' lang='lat' dir='ltr'>modo</span> <span class='ocrx_word' id='word_1_165' title='bbox 818 1748 1054 1809; x_wconf 84' lang='lat' dir='ltr'>superfusis</span> <span class='ocrx_word' id='word_1_166' title='bbox 1074 1748 1281 1793; x_wconf 64' lang='lat' dir='ltr'>fluctibus</span> <span class='ocrx_word' id='word_1_167' title='bbox 1303 1747 1494 1802; x_wconf 90' lang='lat' dir='ltr'>condita,</span> <span class='ocrx_word' id='word_1_168' title='bbox 1512 1746 1630 1791; x_wconf 86' lang='lat' dir='ltr'>haud</span> <span class='ocrx_word' id='word_1_169' title='bbox 1651 1745 1804 1805; x_wconf 86' lang='lat' dir='ltr'>procul</span> <span class='ocrx_word' id='word_1_170' title='bbox 1838 1756 1840 1758; x_wconf 82' lang='grc'><em>·</em></span> 
     </span>
    </p>
   </div>
   <div class='ocr_carea' id='block_1_5' title="bbox 411 1810 1803 3016">
    <p class='ocr_par' dir='ltr' id='par_1_6' title="bbox 420 1810 1803 2315">
     <span class='ocr_line' id='line_1_25' title="bbox 426 1810 1798 1871; baseline 0.001 -17"><span class='ocrx_word' id='word_1_171' title='bbox 426 1810 707 1857; x_wconf 87' lang='lat' dir='ltr'>munimentis</span> <span class='ocrx_word' id='word_1_172' title='bbox 729 1812 848 1856; x_wconf 89' lang='lat' dir='ltr'>urbis</span> <span class='ocrx_word' id='word_1_173' title='bbox 870 1812 1060 1857; x_wconf 86' lang='lat' dir='ltr'>emersit.</span> <span class='ocrx_word' id='word_1_174' title='bbox 1130 1810 1341 1871; x_wconf 88' lang='lat' dir='ltr'>Utrisque</span> <span class='ocrx_word' id='word_1_175' title='bbox 1361 1810 1502 1857; x_wconf 87' lang='lat' dir='ltr'>laetus</span> <span class='ocrx_word' id='word_1_176' title='bbox 1523 1810 1607 1856; x_wconf 85' lang='lat' dir='ltr'>fuit</span> <span class='ocrx_word' id='word_1_177' title='bbox 1625 1810 1798 1855; x_wconf 88' lang='lat' dir='ltr'>belluae</span> 
     </span>
     <span class='ocr_line' id='line_1_26' title="bbox 422 1873 1801 1934; baseline 0 -16"><span class='ocrx_word' id='word_1_178' title='bbox 422 1873 671 1933; x_wconf 86' lang='lat' dir='ltr'>adspectus.</span> <span class='ocrx_word' id='word_1_179' title='bbox 736 1875 1000 1920; x_wconf 87' lang='lat' dir='ltr'>Macedones</span> <span class='ocrx_word' id='word_1_180' title='bbox 1035 1876 1122 1921; x_wconf 89' lang='lat' dir='ltr'>iter</span> <span class='ocrx_word' id='word_1_181' title='bbox 1145 1874 1353 1932; x_wconf 87' lang='lat' dir='ltr'>jaciendo</span> <span class='ocrx_word' id='word_1_182' title='bbox 1384 1875 1504 1934; x_wconf 87' lang='lat' dir='ltr'>operi</span> <span class='ocrx_word' id='word_1_183' title='bbox 1537 1882 1801 1920; x_wconf 87' lang='lat' dir='ltr'>monstrasse</span> 
     </span>
     <span class='ocr_line' id='line_1_27' title="bbox 424 1937 1803 1998; baseline 0 -17"><span class='ocrx_word' id='word_1_184' title='bbox 424 1951 517 1981; x_wconf 87' lang='lat' dir='ltr'>cam</span> <span class='ocrx_word' id='word_1_185' title='bbox 551 1938 883 1996; x_wconf 83' lang='lat' dir='ltr'>augurabantur</span> <span class='ocrx_word' id='word_1_186' title='bbox 907 1954 918 1992; x_wconf 93' lang='lat'>;</span> <span class='ocrx_word' id='word_1_187' title='bbox 966 1938 1105 1998; x_wconf 85' lang='lat' dir='ltr'>Tyrii,</span> <span class='ocrx_word' id='word_1_188' title='bbox 1128 1938 1388 1997; x_wconf 87' lang='lat' dir='ltr'>Neptunum</span> <span class='ocrx_word' id='word_1_189' title='bbox 1430 1937 1630 1996; x_wconf 87' lang='lat' dir='ltr'>occupati</span> <span class='ocrx_word' id='word_1_190' title='bbox 1672 1937 1803 1982; x_wconf 87' lang='lat' dir='ltr'>maris</span> 
     </span>
     <span class='ocr_line' id='line_1_28' title="bbox 420 1999 1801 2061; baseline 0.001 -17"><span class='ocrx_word' id='word_1_191' title='bbox 420 1999 639 2046; x_wconf 87' lang='lat' dir='ltr'>vindicem</span> <span class='ocrx_word' id='word_1_192' title='bbox 670 2001 910 2061; x_wconf 89' lang='lat' dir='ltr'>abripuisse</span> <span class='ocrx_word' id='word_1_193' title='bbox 941 2002 1144 2057; x_wconf 88' lang='lat' dir='ltr'>belluam,</span> <span class='ocrx_word' id='word_1_194' title='bbox 1168 2016 1218 2046; x_wconf 92' lang='lat' dir='ltr'>ac</span> <span class='ocrx_word' id='word_1_195' title='bbox 1249 2000 1407 2045; x_wconf 89' lang='lat' dir='ltr'>molem</span> <span class='ocrx_word' id='word_1_196' title='bbox 1439 2001 1562 2045; x_wconf 87' lang='lat' dir='ltr'>brevi</span> <span class='ocrx_word' id='word_1_197' title='bbox 1603 2000 1801 2061; x_wconf 84' lang='lat' dir='ltr'>profecto</span> 
     </span>
     <span class='ocr_line' id='line_1_29' title="bbox 420 2064 1801 2125; baseline 0.001 -17"><span class='ocrx_word' id='word_1_198' title='bbox 420 2064 636 2109; x_wconf 83' lang='lat' dir='ltr'>ruituram</span> <span class='ocrx_word' id='word_1_199' title='bbox 654 2080 665 2111; x_wconf 68' lang='grc' dir='ltr'><em>τ</em></span> <span class='ocrx_word' id='word_1_200' title='bbox 689 2064 879 2124; x_wconf 89' lang='lat' dir='ltr'>laetique</span> <span class='ocrx_word' id='word_1_201' title='bbox 901 2065 1045 2111; x_wconf 91' lang='lat' dir='ltr'>omine</span> <span class='ocrx_word' id='word_1_202' title='bbox 1065 2080 1119 2110; x_wconf 90' lang='lat' dir='ltr'>eo</span> <span class='ocrx_word' id='word_1_203' title='bbox 1141 2065 1198 2109; x_wconf 85' lang='lat' dir='ltr'>ad</span> <span class='ocrx_word' id='word_1_204' title='bbox 1218 2064 1370 2125; x_wconf 87' lang='lat' dir='ltr'>epulas</span> <span class='ocrx_word' id='word_1_205' title='bbox 1391 2064 1548 2124; x_wconf 83' lang='lat' dir='ltr'>dilapsi</span> <span class='ocrx_word' id='word_1_206' title='bbox 1565 2079 1801 2109; x_wconf 89' lang='lat' dir='ltr'>oneravere</span> 
     </span>
     <span class='ocr_line' id='line_1_30' title="bbox 421 2127 1797 2187; baseline 0.001 -16"><span class='ocrx_word' id='word_1_207' title='bbox 421 2142 468 2172; x_wconf 85' lang='lat' dir='ltr'>se</span> <span class='ocrx_word' id='word_1_208' title='bbox 509 2127 638 2182; x_wconf 81' lang='lat' dir='ltr'>vino3</span> <span class='ocrx_word' id='word_1_209' title='bbox 672 2143 760 2187; x_wconf 93' lang='lat' dir='ltr'>quo</span> <span class='ocrx_word' id='word_1_210' title='bbox 788 2143 957 2187; x_wconf 88' lang='lat' dir='ltr'>graves,</span> <span class='ocrx_word' id='word_1_211' title='bbox 1001 2135 1099 2174; x_wconf 89' lang='lat' dir='ltr'>orto</span> <span class='ocrx_word' id='word_1_212' title='bbox 1143 2128 1232 2173; x_wconf 89' lang='lat' dir='ltr'>sole</span> <span class='ocrx_word' id='word_1_213' title='bbox 1273 2127 1450 2186; x_wconf 83' lang='lat' dir='ltr'>navigia</span> <span class='ocrx_word' id='word_1_214' title='bbox 1482 2128 1797 2182; x_wconf 87' lang='lat' dir='ltr'>conscendunt,</span> 
     </span>
     <span class='ocr_line' id='line_1_31' title="bbox 420 2190 1799 2251; baseline -0.001 -15"><span class='ocrx_word' id='word_1_215' title='bbox 420 2190 624 2238; x_wconf 85' lang='lat' dir='ltr'>redimita</span> <span class='ocrx_word' id='word_1_216' title='bbox 655 2193 827 2236; x_wconf 86' lang='lat' dir='ltr'>coronis</span> <span class='ocrx_word' id='word_1_217' title='bbox 858 2192 1154 2251; x_wconf 85' lang='lat' dir='ltr'>floribusque:</span> <span class='ocrx_word' id='word_1_218' title='bbox 1186 2192 1296 2236; x_wconf 88' lang='lat' dir='ltr'>adeo</span> <span class='ocrx_word' id='word_1_219' title='bbox 1328 2191 1538 2237; x_wconf 86' lang='lat' dir='ltr'>victoriae</span> <span class='ocrx_word' id='word_1_220' title='bbox 1558 2205 1647 2236; x_wconf 89' lang='lat' dir='ltr'>non</span> <span class='ocrx_word' id='word_1_221' title='bbox 1670 2206 1799 2236; x_wconf 88' lang='lat' dir='ltr'>omen</span> 
     </span>
     <span class='ocr_line' id='line_1_32' title="bbox 420 2254 1538 2315; baseline 0.001 -17"><span class='ocrx_word' id='word_1_222' title='bbox 420 2254 567 2308; x_wconf 83' lang='lat' dir='ltr'>mode,</span> <span class='ocrx_word' id='word_1_223' title='bbox 592 2255 669 2300; x_wconf 88' lang='lat' dir='ltr'>sed</span> <span class='ocrx_word' id='word_1_224' title='bbox 691 2255 823 2300; x_wconf 89' lang='lat' dir='ltr'>etiam</span> <span class='ocrx_word' id='word_1_225' title='bbox 842 2256 1185 2315; x_wconf 87' lang='lat' dir='ltr'>gratulationem</span> <span class='ocrx_word' id='word_1_226' title='bbox 1207 2261 1538 2314; x_wconf 85' lang='lat' dir='ltr'>praeceperant.</span> 
     </span>
    </p>

    <p class='ocr_par' dir='ltr' id='par_1_7' title="bbox 411 2317 1800 3016">
     <span class='ocr_line' id='line_1_33' title="bbox 483 2317 1800 2378; baseline 0.001 -16"><span class='ocrx_word' id='word_1_227' title='bbox 483 2317 635 2363; x_wconf 92' lang='lat' dir='ltr'>XVII.</span> <span class='ocrx_word' id='word_1_228' title='bbox 670 2317 805 2364; x_wconf 89' lang='lat' dir='ltr'>Forte</span> <span class='ocrx_word' id='word_1_229' title='bbox 843 2334 923 2364; x_wconf 83' lang='lat' dir='ltr'>rex</span> <span class='ocrx_word' id='word_1_230' title='bbox 965 2319 1145 2365; x_wconf 87' lang='lat' dir='ltr'>classem</span> <span class='ocrx_word' id='word_1_231' title='bbox 1171 2319 1222 2363; x_wconf 72' lang='lat' dir='ltr'>&#39;in</span> <span class='ocrx_word' id='word_1_232' title='bbox 1264 2318 1481 2364; x_wconf 88' lang='lat' dir='ltr'>diversam</span> <span class='ocrx_word' id='word_1_233' title='bbox 1523 2324 1693 2378; x_wconf 89' lang='lat' dir='ltr'>partem</span> <span class='ocrx_word' id='word_1_234' title='bbox 1724 2320 1800 2378; x_wconf 84' lang='lat' dir='ltr'>agi</span> 
     </span>
     <span class='ocr_line' id='line_1_34' title="bbox 415 2381 1800 2442; baseline 0.001 -16"><span class='ocrx_word' id='word_1_235' title='bbox 415 2382 619 2440; x_wconf 85' lang='lat' dir='ltr'>jusserat,</span> <span class='ocrx_word' id='word_1_236' title='bbox 643 2382 829 2440; x_wconf 85' lang='lat' dir='ltr'>triginta</span> <span class='ocrx_word' id='word_1_237' title='bbox 848 2383 1090 2428; x_wconf 85' lang='lat' dir='ltr'>minoribus</span> <span class='ocrx_word' id='word_1_238' title='bbox 1120 2382 1308 2442; x_wconf 87' lang='lat' dir='ltr'>navigiis</span> <span class='ocrx_word' id='word_1_239' title='bbox 1323 2381 1487 2427; x_wconf 88' lang='lat' dir='ltr'>relictis</span> <span class='ocrx_word' id='word_1_240' title='bbox 1508 2381 1557 2427; x_wconf 90' lang='lat' dir='ltr'>in</span> <span class='ocrx_word' id='word_1_241' title='bbox 1577 2382 1706 2428; x_wconf 90' lang='lat' dir='ltr'>litore</span> <span class='ocrx_word' id='word_1_242' title='bbox 1728 2397 1739 2436; x_wconf 83' lang='lat'>3</span> <span class='ocrx_word' id='word_1_243' title='bbox 1774 2397 1800 2428; x_wconf 89' lang='lat' dir='ltr'>e</span> 
     </span>
     <span class='ocr_line' id='line_1_35' title="bbox 421 2443 1799 2507; baseline 0.001 -18"><span class='ocrx_word' id='word_1_244' title='bbox 421 2443 579 2504; x_wconf 83' lang='lat' dir='ltr'>quibus</span> <span class='ocrx_word' id='word_1_245' title='bbox 612 2445 737 2506; x_wconf 82' lang='lat' dir='ltr'>Tyrii</span> <span class='ocrx_word' id='word_1_246' title='bbox 767 2445 940 2491; x_wconf 88' lang='lat' dir='ltr'>duobus</span> <span class='ocrx_word' id='word_1_247' title='bbox 972 2446 1126 2507; x_wconf 87' lang='lat' dir='ltr'>captis,</span> <span class='ocrx_word' id='word_1_248' title='bbox 1160 2452 1305 2491; x_wconf 89' lang='lat' dir='ltr'>cetera</span> <span class='ocrx_word' id='word_1_249' title='bbox 1347 2445 1519 2504; x_wconf 88' lang='lat' dir='ltr'>ingenti</span> <span class='ocrx_word' id='word_1_250' title='bbox 1550 2451 1799 2493; x_wconf 87' lang='lat' dir='ltr'>terruerant</span> 
     </span>
     <span class='ocr_line' id='line_1_36' title="bbox 419 2508 1799 2566; baseline 0.001 -13"><span class='ocrx_word' id='word_1_251' title='bbox 419 2513 553 2563; x_wconf 89' lang='lat' dir='ltr'>metu,</span> <span class='ocrx_word' id='word_1_252' title='bbox 577 2509 716 2554; x_wconf 87' lang='lat' dir='ltr'>donec</span> <span class='ocrx_word' id='word_1_253' title='bbox 745 2524 923 2555; x_wconf 89' lang='lat' dir='ltr'>suorum</span> <span class='ocrx_word' id='word_1_254' title='bbox 945 2509 1133 2555; x_wconf 86' lang='lat' dir='ltr'>clamore</span> <span class='ocrx_word' id='word_1_255' title='bbox 1154 2510 1308 2555; x_wconf 87' lang='lat' dir='ltr'>audito</span> <span class='ocrx_word' id='word_1_256' title='bbox 1328 2508 1595 2566; x_wconf 85' lang='lat' dir='ltr'>Alexander,</span> <span class='ocrx_word' id='word_1_257' title='bbox 1618 2511 1799 2556; x_wconf 84' lang='lat' dir='ltr'>classem</span> 
     </span>
     <span class='ocr_line' id='line_1_37' title="bbox 423 2570 1794 2631; baseline 0.001 -15"><span class='ocrx_word' id='word_1_258' title='bbox 423 2570 553 2626; x_wconf 83' lang='lat' dir='ltr'>litori,</span> <span class='ocrx_word' id='word_1_259' title='bbox 578 2587 604 2617; x_wconf 85' lang='lat' dir='ltr'>e</span> <span class='ocrx_word' id='word_1_260' title='bbox 624 2587 711 2631; x_wconf 91' lang='lat' dir='ltr'>quo</span> <span class='ocrx_word' id='word_1_261' title='bbox 731 2571 931 2619; x_wconf 80' lang='lat' dir='ltr'>fremitus</span> <span class='ocrx_word' id='word_1_262' title='bbox 953 2573 1183 2628; x_wconf 88' lang='lat' dir='ltr'>acciderat,</span> <span class='ocrx_word' id='word_1_263' title='bbox 1207 2572 1419 2619; x_wconf 88' lang='lat' dir='ltr'>admovit.</span> <span class='ocrx_word' id='word_1_264' title='bbox 1485 2572 1632 2619; x_wconf 89' lang='lat' dir='ltr'>Prima</span> <span class='ocrx_word' id='word_1_265' title='bbox 1652 2587 1678 2617; x_wconf 89' lang='lat' dir='ltr'>e</span> <span class='ocrx_word' id='word_1_266' title='bbox 1697 2573 1794 2618; x_wconf 89' lang='lat' dir='ltr'>Ma-</span> 
     </span>
     <span class='ocr_line' id='line_1_38' title="bbox 418 2635 1796 2697; baseline 0.001 -17"><span class='ocrx_word' id='word_1_267' title='bbox 418 2635 634 2680; x_wconf 87' lang='lat' dir='ltr'>cedonum</span> <span class='ocrx_word' id='word_1_268' title='bbox 666 2635 847 2681; x_wconf 79' lang='lat' dir='ltr'>navibus</span> <span class='ocrx_word' id='word_1_269' title='bbox 883 2636 1207 2697; x_wconf 89' lang='lat' dir='ltr'>quinqueremis</span> <span class='ocrx_word' id='word_1_270' title='bbox 1228 2636 1461 2682; x_wconf 85' lang='lat' dir='ltr'>velocitate</span> <span class='ocrx_word' id='word_1_271' title='bbox 1491 2637 1608 2683; x_wconf 88' lang='lat' dir='ltr'>inter</span> <span class='ocrx_word' id='word_1_272' title='bbox 1629 2642 1796 2683; x_wconf 80' lang='lat' dir='ltr'>ceteras</span> 
     </span>
     <span class='ocr_line' id='line_1_39' title="bbox 417 2699 1796 2761; baseline 0 -17"><span class='ocrx_word' id='word_1_273' title='bbox 417 2699 614 2744; x_wconf 88' lang='lat' dir='ltr'>eminens</span> <span class='ocrx_word' id='word_1_274' title='bbox 645 2699 862 2746; x_wconf 88' lang='lat' dir='ltr'>occurrit:</span> <span class='ocrx_word' id='word_1_275' title='bbox 894 2715 1025 2760; x_wconf 87' lang='lat' dir='ltr'>quam</span> <span class='ocrx_word' id='word_1_276' title='bbox 1055 2707 1108 2746; x_wconf 91' lang='lat' dir='ltr'>ut</span> <span class='ocrx_word' id='word_1_277' title='bbox 1141 2714 1404 2760; x_wconf 86' lang='lat' dir='ltr'>conspexere</span> <span class='ocrx_word' id='word_1_278' title='bbox 1448 2700 1599 2761; x_wconf 77' lang='lat' dir='ltr'>Tyrii,</span> <span class='ocrx_word' id='word_1_279' title='bbox 1624 2700 1739 2745; x_wconf 89' lang='lat' dir='ltr'>duae</span> <span class='ocrx_word' id='word_1_280' title='bbox 1770 2715 1796 2744; x_wconf 92' lang='lat' dir='ltr'>e</span> 
     </span>
     <span class='ocr_line' id='line_1_40' title="bbox 418 2762 1791 2824; baseline 0.002 -18"><span class='ocrx_word' id='word_1_281' title='bbox 418 2762 592 2808; x_wconf 82' lang='lat' dir='ltr'>diverso</span> <span class='ocrx_word' id='word_1_282' title='bbox 613 2762 659 2807; x_wconf 90' lang='lat' dir='ltr'>in</span> <span class='ocrx_word' id='word_1_283' title='bbox 680 2762 818 2808; x_wconf 86' lang='lat' dir='ltr'>latera</span> <span class='ocrx_word' id='word_1_284' title='bbox 838 2763 934 2822; x_wconf 86' lang='lat' dir='ltr'>ejus</span> <span class='ocrx_word' id='word_1_285' title='bbox 953 2764 1153 2809; x_wconf 88' lang='lat' dir='ltr'>invectae</span> <span class='ocrx_word' id='word_1_286' title='bbox 1174 2770 1277 2810; x_wconf 86' lang='lat' dir='ltr'>sunt</span> <span class='ocrx_word' id='word_1_287' title='bbox 1299 2779 1310 2817; x_wconf 90' lang='lat'>;</span> <span class='ocrx_word' id='word_1_288' title='bbox 1334 2763 1382 2808; x_wconf 89' lang='lat' dir='ltr'>in</span> <span class='ocrx_word' id='word_1_289' title='bbox 1402 2779 1587 2824; x_wconf 88' lang='lat' dir='ltr'>quarum</span> <span class='ocrx_word' id='word_1_290' title='bbox 1608 2763 1791 2810; x_wconf 88' lang='lat' dir='ltr'>alteram</span> 
     </span>
     <span class='ocr_line' id='line_1_41' title="bbox 417 2825 1787 2888; baseline 0.003 -18"><span class='ocrx_word' id='word_1_291' title='bbox 417 2825 737 2886; x_wconf 87' lang='lat' dir='ltr'>quinqueremis</span> <span class='ocrx_word' id='word_1_292' title='bbox 759 2826 912 2872; x_wconf 87' lang='lat' dir='ltr'>eadem</span> <span class='ocrx_word' id='word_1_293' title='bbox 932 2827 1166 2883; x_wconf 88' lang='lat' dir='ltr'>concitata,</span> <span class='ocrx_word' id='word_1_294' title='bbox 1189 2835 1234 2875; x_wconf 91' lang='lat' dir='ltr'>et</span> <span class='ocrx_word' id='word_1_295' title='bbox 1254 2828 1351 2888; x_wconf 88' lang='lat' dir='ltr'>ipsa</span> <span class='ocrx_word' id='word_1_296' title='bbox 1370 2833 1515 2873; x_wconf 87' lang='lat' dir='ltr'>rostro</span> <span class='ocrx_word' id='word_1_297' title='bbox 1535 2827 1623 2873; x_wconf 88' lang='lat' dir='ltr'>icta</span> <span class='ocrx_word' id='word_1_298' title='bbox 1643 2833 1724 2882; x_wconf 85' lang='lat' dir='ltr'>est,</span> <span class='ocrx_word' id='word_1_299' title='bbox 1742 2833 1787 2874; x_wconf 84' lang='lat' dir='ltr'>et</span> 
     </span>
     <span class='ocr_line' id='line_1_42' title="bbox 412 2888 1791 2951; baseline 0.002 -17"><span class='ocrx_word' id='word_1_300' title='bbox 412 2888 539 2935; x_wconf 58' lang='lat' dir='ltr'>inani</span> <span class='ocrx_word' id='word_1_301' title='bbox 554 2889 741 2935; x_wconf 83' lang='lat' dir='ltr'>invicem</span> <span class='ocrx_word' id='word_1_302' title='bbox 761 2890 922 2937; x_wconf 88' lang='lat' dir='ltr'>tenuit.</span> <span class='ocrx_word' id='word_1_303' title='bbox 984 2890 1174 2951; x_wconf 86' lang='lat' dir='ltr'>Jamque</span> <span class='ocrx_word' id='word_1_304' title='bbox 1189 2907 1253 2946; x_wconf 90' lang='lat' dir='ltr'>ea,</span> <span class='ocrx_word' id='word_1_305' title='bbox 1276 2904 1389 2951; x_wconf 88' lang='lat' dir='ltr'>quae</span> <span class='ocrx_word' id='word_1_306' title='bbox 1404 2905 1495 2935; x_wconf 91' lang='lat' dir='ltr'>non</span> <span class='ocrx_word' id='word_1_307' title='bbox 1517 2890 1791 2946; x_wconf 86' lang='lat' dir='ltr'>cohaerebat,</span> 
     </span>
     <span class='ocr_line' id='line_1_43' title="bbox 411 2952 1787 3016; baseline 0.001 -18"><span class='ocrx_word' id='word_1_308' title='bbox 411 2952 553 2999; x_wconf 89' lang='lat' dir='ltr'>libero</span> <span class='ocrx_word' id='word_1_309' title='bbox 583 2952 752 3014; x_wconf 88' lang='lat' dir='ltr'>impetu</span> <span class='ocrx_word' id='word_1_310' title='bbox 773 2959 939 3011; x_wconf 88' lang='lat' dir='ltr'>evecta,</span> <span class='ocrx_word' id='word_1_311' title='bbox 961 2953 1008 2999; x_wconf 90' lang='lat' dir='ltr'>in</span> <span class='ocrx_word' id='word_1_312' title='bbox 1028 2953 1151 3001; x_wconf 84' lang='lat' dir='ltr'>aliud</span> <span class='ocrx_word' id='word_1_313' title='bbox 1172 2954 1495 3016; x_wconf 88' lang='lat' dir='ltr'>quinqueremis</span> <span class='ocrx_word' id='word_1_314' title='bbox 1529 2953 1642 3001; x_wconf 85' lang='lat' dir='ltr'>latus</span> <span class='ocrx_word' id='word_1_315' title='bbox 1662 2953 1787 2999; x_wconf 89' lang='lat' dir='ltr'>inve-</span> 
     </span>
    </p>
   </div>
   <div class='ocr_carea' id='block_1_6' title="bbox 2172 0 2208 1716">
    <p class='ocr_par' dir='ltr' id='par_1_8' title="bbox 2172 0 2208 1716">
     <span class='ocr_line' id='line_1_44' title="bbox 2172 0 2208 1716; baseline 0 0"><span class='ocrx_word' id='word_1_316' title='bbox 2172 0 2208 1716; x_wconf 95' lang='lat' dir='ltr'> </span> 
     </span>
    </p>
   </div>
  </div>
 </body>
</html>
