2208 3424
447 292 507 338 68
798 291 1025 349 QUINTI
1060 291 1281 340 CUR'I'II
1314 290 1470 340 RUFI

451 436 550 468 rum
572 419 746 480 ungulis
776 425 973 480 possunt,
998 419 1166 465 etiamsi
1188 420 1252 466 nil
1272 426 1446 482 praeter
1466 420 1646 469 falcatos
1667 436 1819 469 currus

452 486 652 531 emisero.
717 483 778 530 Et
798 483 915 529 bello
935 482 1179 538 vicerimus,
1203 484 1240 529 si
1261 486 1473 531 vincimus
1493 486 1685 545 praelim
1718 502 1819 532 nam

452 564 509 594 ne
538 547 624 593 illis
656 547 831 606 quidem
865 547 922 592 ad
955 546 1107 605 fugam
1138 547 1260 593 locus
1295 555 1388 595 est:
1425 548 1526 594 hin'c
1557 549 1818 609 Euphrates,

450 612 571 658 illinc
603 610 749 670 Tigris
770 610 972 669 prohibet
1002 610 1205 656 inclusos.
1276 611 1333 658 Et
1355 627 1468 670 quae
1488 618 1616 660 antea
1636 627 1717 672 pro
1738 614 1822 659 illis

452 680 593 728 crant,
626 674 673 719 in
704 674 969 720 contrarium
997 688 1122 719 versa
1152 680 1272 720 sunt.
1336 675 1549 722 Nostrum
1586 676 1747 721 mobile
1778 685 1823 724 ct

450 738 706 799 expeditum
748 752 905 797 agmen
936 743 1015 792 est,
1054 737 1164 782 illud
1195 738 1352 798 praeda
1383 754 1550 797 grave3
1581 739 1825 799 implicatos

409 822 413 827 ·
450 818 559 862 ergo
581 801 728 861 spoliis
749 801 909 847 nostris
924 801 1265 855 trucidabimus3
1289 803 1527 862 eademque
1542 819 1610 849 res
1632 810 1677 850 et
1698 819 1826 850 causa

452 866 660 912 victoriae
675 865 759 910 erit
780 871 826 911 et
847 865 1029 910 fruetus.
1098 865 1231 919 Quod
1253 865 1288 910 si
1308 881 1438 926 quem
1471 882 1495 910 e
1525 868 1646 913 vobis
1666 882 1824 913 nomen

452 929 599 989 gentis
616 934 761 974 movet
780 944 790 981 ;
825 929 1004 987 cogitet,
1029 927 1324 973 Macedonum
1345 929 1436 974 illic
1458 944 1576 976 arma
1597 946 1703 987 esso,
1736 947 1825 976 non

452 1007 636 1052 corpora
658 1008 669 1046 ;
702 991 892 1038 multum
913 992 1029 1037 enim
1052 992 1276 1050 sanguinis
1308 992 1494 1038 invicem
1515 993 1749 1050 hausimus,
1783 1002 1827 1041 et

452 1070 622 1116 semper
642 1055 818 1115 gravior
838 1055 885 1099 in
905 1055 1126 1115 paucitate
1143 1055 1319 1114 jactura
1339 1063 1422 1102 est.
1486 1056 1600 1102 Nam
1636 1058 1828 1103 Alexan·

452 1121 545 1174 der,
589 1125 968 1178 quantuscumque
1003 1119 1174 1176 ignavis
1206 1125 1251 1165 et
1292 1120 1458 1165 timidis
1489 1120 1627 1184 videri
1668 1127 1827 1181 potest,

454 1198 590 1229 unum
614 1182 773 1228 animal
795 1188 861 1228 est
884 1199 894 1235 ;
928 1189 985 1236 et,
1010 1183 1046 1227 si
1068 1182 1170 1242 quid
1196 1183 1302 1227 mihi
1323 1184 1516 1240 creditis,
1539 1185 1819 1230 temerarium

453 1254 499 1294 et
522 1261 684 1299 vecors,
709 1246 852 1291 adhuc
874 1253 1025 1291 nostro
1056 1261 1229 1305 pavore,
1263 1261 1391 1305 quam
1424 1263 1503 1293 sua
1531 1249 1694 1294 virtute
1735 1248 1829 1293 feli-

454 1313 562 1357 cius.
626 1310 751 1355 Nihil
764 1315 910 1355 autem
927 1315 1074 1369 potest
1090 1325 1182 1355 esse
1203 1311 1476 1367 diuturnum,
1490 1312 1560 1357 eui
1575 1327 1666 1357 non
1683 1313 1831 1358 subest

455 1376 584 1422 ratio.
647 1373 773 1419 Licet
794 1373 977 1419 felicitas
999 1373 1222 1433 adspirare
1244 1374 1458 1430 videatur,
1482 1383 1627 1421 tamen
1650 1376 1706 1421 ad
1729 1376 1831 1421 ulti-

455 1454 574 1483 mum
596 1437 834 1484 temeritati
855 1452 944 1481 non
976 1437 1148 1483 sufficit.
1214 1437 1448 1484 Praeterea
1479 1439 1631 1484 breves
1662 1445 1707 1485 et
1738 1454 1832 1484 mu-

454 1502 611 1556 tabiles
632 1501 747 1546 vices
766 1516 913 1545 rerum
934 1507 1052 1555 sunt,
1073 1507 1117 1547 et
1138 1501 1316 1546 fortuna
1336 1517 1561 1561 nunquam
1579 1502 1832 1562 simpliciter

455 1565 675 1624 indulget.
742 1563 943 1610 Forsitan
964 1565 1028 1610 ita
1050 1564 1112 1608 dii
1132 1565 1223 1610 sata
1255 1566 1582 1621 ordinaverunt,
1606 1572 1658 1612 ut
1682 1566 1834 1611 Persa-

456 1645 554 1674 rum
576 1628 819 1688 imperium,
836 1629 954 1687 quod
971 1628 1164 1673 secundo
1181 1644 1310 1673 cursu
1328 1644 1405 1688 per
1421 1630 1634 1675 ducentos
1651 1630 1833 1688 triginta

456 1708 595 1738 annos
628 1692 683 1737 ad
717 1707 932 1737 summum
974 1692 1198 1751 fastigium
1242 1702 1491 1748 evexerant,
1525 1708 1685 1752 magno
1713 1700 1835 1739 mot-u

455 1761 744 1802 concuterent
775 1756 927 1814 magis,
961 1771 1092 1815 quam
1126 1756 1418 1814 adfligerent;
1467 1756 1837 1816 admonerentque

455 1835 536 1865 nos
557 1818 801 1876 fragilitatis
823 1819 1052 1873 humanae,
1076 1819 1200 1878 cujus
1232 1820 1364 1864 nimia
1395 1820 1443 1864 in
1469 1820 1685 1879 prosperis
1706 1821 1835 1865 rebus

456 1883 620 1929 oblivio
641 1888 721 1927 est.
786 1882 923 1927 Modo
958 1882 1138 1927 Graecis
1168 1883 1287 1928 ultro
1317 1884 1482 1927 bellum
1509 1883 1800 1929 inferebamus
1823 1899 1832 1928 :

456 1962 573 1997 nunc
595 1947 643 1990 in
664 1946 840 1990 sedibus
862 1946 1022 1992 nostris
1053 1946 1353 2005 propulsamus
1385 1947 1556 1992 illatum
1579 1963 1588 1992 :
1617 1946 1837 2006 jactamur

455 2012 642 2056 invicem
674 2010 888 2055 varietate
918 2009 1136 2055 fortunae.
1199 2010 1419 2056 Videlicet
1450 2010 1692 2070 imperium,
1718 2011 1836 2069 quod

457 2081 614 2120 mutuo
636 2073 916 2127 adfectamus,
941 2088 1029 2118 una
1049 2088 1158 2131 gens
1189 2089 1280 2118 non
1311 2075 1443 2133 capit.
1510 2074 1730 2128 Ceterum,
1755 2074 1835 2119 eti-

457 2139 565 2183 amsi
588 2152 685 2196 spes
706 2151 796 2181 non
819 2137 1027 2192 subesset,
1047 2138 1279 2183 necessitas
1300 2144 1447 2184 tamen
1465 2138 1687 2183 stimulare
1703 2138 1835 2182 debe-

456 2209 558 2248 ret:
595 2201 651 2246 ad
682 2206 878 2246 extrema
909 2206 1166 2260 perventum
1202 2207 1298 2254 v¹,st;
1331 2207 1516 2247 matrem
1547 2216 1702 2256 meam,
1726 2202 1836 2246 duas

457 2267 582 2319 filias,
619 2264 793 2310 Ochum
826 2264 874 2308 in
907 2279 1026 2324 spem
1059 2264 1188 2323 hujus
1230 2265 1400 2324 imperii
1442 2265 1642 2324 genitum
1674 2264 1835 2324 princi-

459 2345 571 2389 pem,
595 2328 713 2373 illam
737 2327 928 2373 sobolem
958 2328 1105 2388 regiae
1136 2328 1297 2388 stirpis,
1320 2329 1455 2373 duces
1486 2335 1650 2375 vestros
1681 2342 1835 2387 regum

459 2395 612 2446 instar,
644 2392 814 2438 vinctos
847 2391 979 2437 habet
1002 2408 1013 2445 3
1050 2392 1133 2437 nisi
1163 2392 1283 2452 quod
1312 2392 1357 2437 in
1389 2392 1514 2438 vebis
1534 2398 1614 2446 est,
1636 2392 1730 2452 ipse
1753 2407 1835 2451 ego

459 2456 623 2516 majore
644 2462 769 2515 parte
790 2455 876 2500 mei
897 2456 1095 2515 captivus
1118 2471 1226 2501 sum.
1292 2455 1463 2516 Eripite
1484 2456 1649 2502 viscera
1669 2470 1767 2500 mea
1781 2471 1837 2500 ex

460 2520 678 2572 vinculis3
712 2519 931 2565 restituite
962 2519 1070 2564 mihi
1101 2519 1299 2580 pignora,
1332 2535 1413 2580 pro
1434 2520 1592 2580 quibus
1612 2521 1706 2578 ipse
1727 2520 1837 2563 mori

461 2599 551 2629 non
583 2598 749 2637 recuso,
783 2589 1023 2642 parentem,
1058 2583 1247 2638 liberos;
1286 2599 1387 2629 nam
1420 2583 1651 2643 conjugem
1683 2584 1729 2627 in
1761 2582 1836 2626 illo

461 2662 635 2693 carcere
667 2646 803 2691 amisi.
885 2646 1076 2703 Credite,
1111 2663 1229 2692 nunc
1276 2663 1426 2693 omnes
1459 2648 1640 2694 tendere
1672 2647 1730 2692 ad
1761 2661 1837 2691 vos

461 2726 630 2766 manus,
654 2710 886 2769 implorare
915 2712 1081 2770 patrios
1123 2712 1241 2767 deos,
1277 2727 1402 2772 opem
1435 2718 1635 2766 vestram,
1670 2710 1835 2755 miseri-

462 2775 670 2829 cordiam,
694 2774 825 2819 fidem
858 2788 1103 2834 exposcere,
1127 2780 1177 2821 ut
1209 2776 1434 2831 servitute,
1457 2783 1509 2822 ut
1540 2774 1833 2835 compedibus,

463 2846 513 2885 ut
546 2838 741 2898 precario
773 2837 895 2883 victu
924 2838 1040 2898 ipsos
1077 2839 1286 2886 liberetis.
1364 2840 1441 2885 An
1474 2838 1663 2893 creditis,
1697 2852 1836 2897 aequo

462 2903 609 2948 animo
630 2902 681 2947 iis
704 2902 879 2958 servire,
896 2913 1081 2961 quorum
1101 2918 1225 2961 reges
1246 2918 1339 2950 esse
1360 2902 1629 2949 fastidiunt?
1694 2902 1836 2947 Video

463 2966 686 3013 admoveri
716 2965 909 3012 hostium
941 2967 1104 3014 aciem:
1155 2967 1231 3013 sed
1275 2983 1361 3027 quo
1392 2966 1571 3028 propius
1602 2966 1835 3012 discrimen
