2192 3408
997 265 1193 340 Lmen
1226 264 1515 314 munus,
1908 247 1934 297 ⁷

565 396 858 460 nequidquam
878 393 1134 441 confitebor.
1197 392 1286 440 Hic
1305 394 1422 441 tanti
1442 392 1677 455 apparatus
1698 393 1932 449 exercitus,

561 462 670 509 haee
698 465 773 508 tot
797 457 996 520 gentium
1025 462 1071 505 et
1100 456 1240 505 totius
1268 457 1449 504 orientis
1477 457 1621 505 excita
1650 456 1827 504 sedibus
1847 459 1936 505 suis

532 522 542 532 '
563 523 714 580 moles,
735 522 931 570 finitimis
949 526 1097 582 potest
1126 535 1221 568 esse
1250 519 1458 569 terribilis
1477 535 1490 575 ς
1513 520 1629 570 nitet
1646 535 1935 596 purpuranu-

560 601 713 648 mque,
730 586 871 648 fulget
885 585 1015 632 armis
1034 590 1081 632 et
1095 584 1333 646 opulentia,
1347 590 1570 645 quantam,
1588 598 1664 645 qm
1684 584 1824 632 oculis
1839 600 1935 632 non

562 648 798 711 subjecere,
821 648 976 696 animis
997 648 1226 710 concipere
1245 662 1334 694 non
1356 653 1557 709 possunt.
1621 647 1710 695 Sed
1725 648 1935 696 Macedo-

561 730 670 761 num
692 714 815 768 acies‚
849 717 976 759 torva
1005 727 1110 760 sane
1139 717 1187 759 et
1216 711 1397 767 inculta,
1428 710 1592 773 clypeis
1610 710 1834 773 hastisque
1852 712 1935 760 im-

562 777 746 824 mobiles
766 790 927 824 cuneos
946 781 992 822 et
1011 776 1208 823 conferta
1237 774 1397 822 robora
1425 774 1620 821 virorum
1649 775 1780 834 tegit.
1844 776 1936 837 Ipsi

556 842 813 904 phalanqom
834 846 994 887 vocant
1032 839 1234 901 peditum
1272 837 1429 886 stabile
1469 853 1642 899 agmen.
1702 837 1786 885 Vir
1826 841 1934 897 viro,

561 905 693 951 armis
713 919 833 951 arma
852 909 1053 952 conserta
1082 909 1189 950 sunt
1209 918 1222 948 τ
1254 902 1311 948 ad
1331 907 1491 949 nutum
1509 902 1729 950 monentis
1758 902 1935 960 intenti,

562 968 687 1029 sequi
707 968 845 1029 signa,
868 967 1042 1014 ordines
1062 980 1236 1013 servare
1263 965 1469 1013 didicere.
1533 965 1668 1022 Quod
1697 966 1938 1027 imperatur

561 1047 715 1078 omnes
754 1031 1029 1079 exaudiunt:
1064 1030 1290 1085 obsistere,
1326 1029 1569 1088 circumire,
1612 1029 1858 1078 discurrere
1888 1031 1934 1078 in

561 1110 715 1151 cornu,
737 1102 909 1143 mutare
927 1108 1136 1156 pugnam,
1169 1107 1261 1139 non
1279 1093 1414 1140 duces
1444 1093 1584 1154 magis
1614 1108 1747 1154 quam
1776 1095 1937 1143 milites

558 1159 737 1206 callent.
802 1158 863 1206 Et
882 1173 940 1204 ne
959 1157 1055 1204 auri
1075 1156 1336 1219 argentique
1354 1156 1502 1203 studio
1531 1157 1673 1204 teneri
1693 1163 1837 1219 putes,
1858 1160 1937 1207 ad-

559 1223 648 1269 huc
667 1222 743 1269 illa
762 1221 1004 1283 disciplina,
1026 1224 1292 1283 paupertate
1306 1221 1529 1281 magistra,
1550 1220 1676 1269 stetit
1698 1237 1709 1268 :
1742 1221 1938 1283 fatigatis

560 1286 721 1332 humus
741 1285 884 1333 cubile
904 1290 972 1332 est
993 1300 1006 1339 ;
1028 1285 1153 1331 cibus
1165 1299 1296 1345 quem
1316 1289 1536 1346 occupant
1555 1284 1687 1333 satiat
1704 1300 1716 1339 3
1740 1290 1938 1347 tempora

558 1350 704 1396 somni
724 1349 911 1397 arctiora
930 1364 1061 1410 quam
1081 1348 1226 1396 noctis
1246 1354 1366 1395 sunt.
1439 1348 1543 1395 Jam
1557 1347 1938 1410 Thessaliequites

555 1419 606 1460 >et
646 1414 901 1460 Acarnanes
941 1412 1192 1473 Aetolique,
1221 1411 1386 1460 invicta
1414 1411 1532 1459 bello
1561 1426 1730 1469 manus,
1772 1413 1936 1471 fundis,

556 1476 707 1533 credo,
730 1483 775 1524 et
794 1476 931 1524 hastis
950 1476 1055 1537 igne
1085 1477 1256 1523 duratis
1285 1475 1582 1537 repellentur!
1647 1476 1752 1523 Pari
1780 1478 1939 1525 robore

560 1555 674 1601 opus
694 1546 774 1587 est.
840 1539 895 1586 In
925 1540 1002 1586 illa
1021 1546 1154 1596 terra,
1188 1554 1300 1600 quae
1319 1539 1402 1586 hos
1420 1539 1777 1600 genuit,-auxilia
1804 1556 1938 1602 quae·

555 1603 700 1650 ,reuda
719 1610 835 1651 sunt.
898 1603 1143 1663 Argentum
1154 1603 1276 1651 istud
1288 1609 1424 1665 atque
1439 1618 1595 1650 aurum
1614 1602 1672 1650 ad
1687 1603 1938 1652 conducen-

558 1667 667 1714 dum
697 1666 879 1715 militem
899 1667 1054 1729 mitten
1075 1666 1188 1715 Erat
1218 1667 1360 1714 Dario
1390 1667 1498 1715 mite
1526 1682 1578 1714 ac
1608 1668 1840 1715 tractabile
1869 1669 1937 1718 ἰιι-Ι

558 1730 753 1791 genium,
777 1731 862 1777 nisi
891 1730 1094 1778 naturam
1126 1730 1385 1792 plerumque
1414 1731 1594 1779 fortuna
1622 1740 1935 1794 corrumperet.

560 1794 718 1856 Itaque
738 1795 934 1842 veritatis
952 1794 1201 1856 impatiens,
1233 1795 1450 1856 hospitem
1471 1810 1522 1842 ac
1552 1796 1808 1856 supplicem,
1828 1803 1937 1844 tunc

557 1858 748 1906 maxime
786 1858 914 1906 utilia
943 1858 1216 1914 suadentem,
1260 1858 1455 1906 abstrahi
1486 1858 1622 1920 jussit
1661 1860 1721 1906 ad
1750 1861 1939 1921 capitale

557 1921 1935 2050 ‹⁸333ssssqu¹¹³‡.32.32333322.3b333‡23.‘Q’

536 2025 539 2028 ·
748 2020 761 2043 ν
938 2019 951 2042 5
1769 2022 1780 2034 ·
1918 2015 1937 2024 “

556 2054 626 2097 tet
644 2064 807 2110 poenas
836 2049 922 2096 mei
954 2049 1123 2096 consilii
1151 2049 1286 2110 spreti
1315 2050 1354 2096 is
1384 2049 1477 2110 ipse
1506 2056 1662 2097 contra
1692 2052 1825 2112 quem
1845 2053 1938 2099 -tibi

553 2113 687 2160 suasi.
749 2113 822 2160 Tu
837 2112 1031 2174 quidem,
1061 2113 1241 2160 lieentia
1268 2113 1397 2174 regni
1426 2118 1516 2161 tam
1549 2114 1699 2171 subito?
1725 2121 1937 2172 mutatus,

553 2177 868 2225 documentum
900 2176 985 2223 eris
1014 2176 1217 2238 posteris,
1247 2176 1459 2235 homines,
1492 2192 1594 2224 cum
1623 2192 1671 2225 se
1699 2179 1936 2239 permisere

558 2240 774 2298 fortunae,
797 2240 927 2288 etiam
948 2247 1153 2289 naturam
1172 2239 1424 2288 dediscere?
1465 2240 1590 2288 Haec
1610 2242 1935 2299 vociferantem,

559 2304 720 2366 quibus
750 2310 845 2352 erat
873 2305 1148 2366 imperatum,
1173 2303 1399 2365 jugulant.
1465 2305 1573 2353 Sera
1592 2305 1754 2352 deinde
1783 2308 1936 2368 poeni-

558 2368 701 2417 tentia
726 2368 863 2416 subiit
893 2383 1069 2429 regem3
1102 2383 1157 2416 ac
1187 2383 1289 2416 vera
1309 2370 1472 2417 dixisse
1502 2368 1724 2417 confessus
1745 2385 1846 2417 eum
1867 2386 1935 2418 se-

613 2432 687 2478 liri
701 2430 848 2492 jussit.

558 2447 707 2541 peVI.
720 2493 765 2543 3.
782 2496 1033 2557 Thymodes
1053 2492 1151 2543 erat
1171 2496 1386 2544 Mentoris
1400 2497 1529 2554 filius,
1546 2497 1734 2559 impiger
1742 2498 1934 2559 juvenis,

557 2560 629 2606 cui
649 2566 903 2622 preceptum
934 2569 1001 2607 est
1030 2574 1184 2622 arege
1213 2566 1264 2608 ut
1292 2576 1444 2608 omnes
1474 2561 1730 2622 peregrinos
1760 2562 1933 2620 milites,

556 2625 604 2670 in
627 2624 748 2684 queis
767 2624 1003 2686 plurimum
1016 2623 1209 2671 habebat
1228 2625 1332 2685 spei,
1350 2640 1378 2672 a
1399 2625 1683 2673 Pharnabazo
1703 2627 1933 2687 acciperet,

558 2703 691 2749 opera
728 2703 878 2735 eorum
908 2703 1066 2735 usurus
1096 2688 1145 2734 in
1166 2688 1294 2735 bello.
1362 2688 1450 2751 lpsi
1482 2689 1766 2738 Pharnabazo
1797 2691 1934 2739 tradit

557 2752 788 2813 imperium
818 2752 938 2813 quod
968 2758 1073 2800 ante
1103 2752 1332 2801 Memnoni
1372 2753 1570 2802 dederat.
1647 2754 1844 2802 Anxium
1875 2755 1932 2802 de

554 2815 820 2864 instantibus
860 2816 975 2863 curis
1004 2816 1236 2878 agitabant
1254 2818 1388 2866 etiam
1417 2832 1496 2880 per
1536 2832 1739 2866 somnum
1769 2820 1932 2881 species

552 2879 876 2929 >imminentium
895 2894 1070 2928 rerum:
1104 2880 1199 2928 sive
1219 2880 1316 2931 illas
1336 2882 1586 2944 aegritudo,
1603 2883 1695 2930 sive
1715 2883 1929 2932 divinatio

550 2943 692 2989 animi
720 2944 1033 3006 praesagientis
1053 2945 1254 2994 accersit.
1319 2946 1476 2996 Castra
1497 2946 1739 2995 Alexandri
1769 2962 1930 3009 magno
