2192 3392
393 292 450 338 16
735 291 961 350 QUINTI
993 292 1217 343 CURTII
1247 292 1416 341 RUFI.

390 419 679 493 suspicionem
707 417 808 468 initi
848 417 1019 468 scelesti
1048 418 1217 466 consilii
1257 419 1475 480 praebuit·
1549 419 1760 480 -Namque

392 482 587 544 epistola,
606 480 862 543 priusquam
891 481 933 529 ci
960 480 1267 539 redderetur,’
1254 497 1302 530 m
1331 496 1486 531 manu·
1519 482 1760 531 Alexandri

391 550 660 607 pervenerat,
702 543 946 605 Ιοοιιιιιᾳιιο
985 558 1095 601 eam,
1131 544 1276 605 ignoti
1315 545 1468 597 annuli
1507 546 1691 607 sigma·
1678 560 1759 594 un·

393 623 553 670 presso,
577 607 711 655 Sisini
730 609 827 657 dari
849 608 1053 669 j,usserat
1075 608 1134 654 ad
1154 609 1467 659 aestimandam
1486 608 1619 658 fidem
1650 610 1760 658 Bar-

394 671 504 719 bari.
569 671 661 728 Qui
692 673 795 732 quia
825 687 905 734 per
924 671 1166 733 complures
1182 671 1277 719 dies
1297 687 1389 720 non
1408 673 1579 723 adierat
1598 687 1760 734 regem,

389 734 574 783 scelesto
594 735 776 783 consilio
795 751 892 782 enm
912 736 1030 783 visus
1045 740 1112 782 est
1131 736 1436 812 suppressisse,
1455 742 1502 784 et
1520 735 1570 785 in
1590 737 1764 797 agm'me

388 814 413 845 a
437 796 736 855 Cretensibus,
758 799 879 847 haud
899 798 1064 849 dubie
1044 813 1173 859 Jussu
1192 799 1323 859 regis,
1346 800 1514 848 occisus
1535 805 1615 850 est.

453 861 760 910 xvl11.Jam
786 862 945 912 Graeci
964 863 1137 917 milites,
1160 877 1271 923 quos
1293 862 1547 925 Thymodes
1567 879 1595 912 a
1623 862 1760 912 Phar-

377 927 559 986 nabazo
578 933 821 987 acceperut,
844 926 1076 988 praecipua
1095 940 1195 987 spes
1216 930 1262 973 et
1280 927 1599 988 propemodum
1618 928 1761 984 unica,

391 989 447 1036 ad
471 989 659 1036 Darium
672 995 983 1050 pervenerant.
1046 989 1110 1035 Hi
1128 1004 1395 1051 magnopere
1423 990 1680 1048 suadebant,
1713 998 1765 1039 ut

392 1059 510 1101 retro
531 1053 685 1108 abiret,
707 1054 1005 1114 spatiososque
1027 1053 1370 1114 Mesopotamiae
1386 1068 1565 1115 ¹campos
1593 1060 1764 1115 repeto-

389 1122 484 1164 ret:
519 1116 566 1164 Si
596 1117 641 1163 id
673 1118 901 1164 consilium
931 1117 1173 1171 damnaret,
1207 1117 1348 1164 atille
1370 1117 1587 1166 divideret
1607 1118 1762 1166 saltem

389 1181 536 1241 copias
576 1181 924 1237 innumerabiles,
956 1195 1045 1227 neu
1086 1181 1169 1227 sub
1201 1195 1339 1227 unum
1380 1180 1585 1231 fortunae
1623 1181 1761 1230 ictum

372 1250 505 1304 ⁴totns
526 1243 638 1290 vires
658 1245 782 1304 regni
813 1244 968 1291 cadere
998 1249 1235 1305 pateretur.
1300 1244 1450 1292 Minus
1479 1244 1565 1291 hoc
1599 1242 1762 1306 [consi-

385 1305 517 1369 lium]
540 1307 629 1367 regi
652 1322 781 1367 quam
801 1307 1052 1369 purpuratis
1067 1307 1160 1368 ejus
1182 1308 1441 1368 displicebat
1463 1324 1473 1356 ι
1509 1308 1760 1370 Ancipitem

384 1371 516 1417 tidem
548 1379 593 1417 et
634 1372 832 1419 mercede
873 1371 1068 1418 venalem
1107 1371 1402 1432 proditionem
1432 1371 1681 1420 imminere:
1715 1379 1763 1420 et

388 1434 526 1480 dividi
546 1450 636 1480 non
659 1435 716 1481 ob
736 1435 857 1481 aliud
878 1436 1025 1495 copias
1044 1435 1169 1491 velle,
1193 1449 1323 1496 quam
1346 1442 1398 1482 ut
1417 1435 1502 1495 ipsi
1522 1434 1570 1482 in
1590 1435 1762 1484 diverso

387 1498 583 1558 digressi,
607 1499 643 1544 si
664 1498 768 1558 quid
789 1498 1065 1546 commissum
1084 1503 1213 1551 esset,
1229 1499 1456 1546 traderent
1472 1498 1756 1547 Alexandro:

386 1562 510 1608 Nihil
542 1562 680 1609 tutius
711 1577 818 1618 esse,
849 1577 978 1622 quam
1008 1562 1299 1609 circumdatos
1331 1577 1405 1609 eos
1434 1562 1629 1610 exercitu
1659 1567 1758 1611 toto

382 1624 509 1671 obrui
540 1626 654 1679 telis,
687 1625 995 1673 documentum
1027 1640 1117 1672 nou
1135 1626 1304 1673 inultae
1333 1626 1542 1685 perfidiae
1572 1625 1757 1673 futuros.

382 1689 448 1735 At
469 1688 649 1744 Darius,
683 1696 733 1737 ut
750 1697 843 1738 erat
863 1696 1038 1737 sanctus
1069 1695 1115 1736 et
1144 1689 1277 1745 mitis,
1300 1704 1348 1736 se
1379 1703 1484 1736 vcro
1504 1694 1678 1737 tantum
1692 1690 1760 1736 fa-

380 1752 508 1799 cinus
537 1759 672 1814 negat
702 1767 794 1801 csse
824 1754 1054 1809 facturum,
1077 1759 1127 1800 ut
1158 1768 1282 1799 suam
1310 1759 1486 1800 secutos
1505 1753 1637 1800 fidem
1657 1769 1760 1801 suos

380 1816 541 1864 milites
573 1816 731 1876 jubeat
750 1817 961 1865 trucidari
983 1833 994 1863 ε
1032 1817 1176 1872 Quem
1208 1816 1370 1862 deinde
1398 1816 1585 1878 amplius
1614 1817 1759 1866 natio-

380 1895 486 1926 num
532 1888 779 1928 exterarum
809 1880 995 1927 salutem
1026 1895 1148 1927 suam
1190 1880 1461 1926 crediturum
1492 1879 1589 1937 sibi,
1621 1881 1659 1927 si
1688 1886 1759 1929 tot

377 1943 563 1990 militum
585 1944 799 2004 sanguine
819 1943 1045 1990 imbuisset
1064 1957 1220 1990 manus
1241 1942 1265 1989 Ρ
1296 1942 1531 1989 Neminem
1551 1943 1760 1992 stolidum

380 2008 608 2053 consilium
630 2007 772 2067 capite
792 2008 915 2053 luere
935 2006 1095 2053 debere
1117 2022 1128 2060 3
1163 2006 1393 2055 defuturos
1425 2007 1542 2052 enim
1563 2007 1639 2068 qui
1658 2023 1758 2054 sua-

379 2070 547 2124 derent,
565 2071 602 2116 si
624 2070 805 2117 suasisse
826 2070 1066 2130 periculum
1087 2076 1228 2117 esset:
1263 2069 1483 2131 Denique,
1506 2070 1623 2130 ipsos
1644 2087 1756 2133 quo-

375 2134 491 2180 tidie
512 2134 567 2180 ad
589 2150 637 2180 sc
659 2134 804 2180 vocari
836 2135 882 2179 in
913 2133 1142 2180 consilium
1165 2133 1397 2194 variasque
1418 2134 1658 2182 sententias
1688 2134 1756 2180 di-

379 2212 506 2250 cere;
541 2213 621 2243 nec
653 2205 801 2246 tamen
833 2197 1022 2244 melioris
1052 2197 1156 2243 fidei
1188 2195 1355 2252 haberi,
1387 2197 1462 2257 qui
1494 2197 1757 2257 prudentius

380 2261 831 2322 suaserint.1taque
875 2260 1054 2306 Graecis
1085 2260 1281 2307 nuntiari
1305 2259 1469 2320 jubet,
1458 2276 1468 2287 ·
1503 2261 1646 2321 ipsum
1677 2262 1754 2322 qui

371 2326 483 2377 dem
517 2325 848 2372 benevolentiae
877 2325 1051 2370 illorum
1080 2325 1246 2384 gratias
1277 2338 1437 2383 agerc;
1471 2330 1679 2382 ceterum,
1717 2326 1754 2373 si

373 2394 499 2439 retro
518 2389 582 2434 ire
612 2394 781 2449 pergat,
804 2388 923 2435 haud
954 2388 1087 2433 dubie
1117 2403 1304 2447 regnum
1335 2385 1534 2434 hostibus
1566 2389 1754 2437 traditu-

376 2467 509 2499 rum:
532 2452 647 2498 fama
671 2452 782 2499 bella
802 2458 930 2507 stare,
954 2459 999 2498 et
1015 2466 1115 2497 eum
1135 2451 1212 2512 qui
1233 2451 1409 2497 recedat
1430 2451 1584 2511 fugere
1603 2453 1751 2500 credi:

386 2515 609 2562 Trahendi
645 2530 747 2561 vero
791 2516 894 2561 belli
924 2517 997 2561 vix
1040 2515 1173 2562 ullam
1205 2529 1298 2562 esse
1329 2514 1570 2570 rationem;
1604 2522 1755 2567 tantae

384 2579 502 2625 enim
532 2579 816 2635 multitudini,
850 2579 1002 2639 utique
1031 2593 1168 2639 quum
1192 2578 1285 2638 jam
1305 2578 1458 2639 hyems
1477 2579 1675 2637 instaret,
1708 2581 1756 2626 in

385 2644 565 2702 regione
583 2649 707 2690 vasta
723 2650 768 2690 et
789 2643 973 2688 invicem
995 2658 1023 2688 a.
1053 2643 1141 2688 suis
1161 2649 1294 2703 atque
1314 2642 1440 2688 hoste
1461 2650 1632 2699 vexata,
1665 2658 1755 2690 non

383 2707 620 2754 suffectura
651 2705 888 2752 alimenta:
932 2706 1004 2752 Ne
1047 2705 1186 2752 dividi
1216 2705 1393 2766 quidem
1430 2705 1577 2767 copias
1616 2722 1752 2767 posse,

382 2776 556 2822 servato
576 2785 697 2815 more
717 2769 941 2829 majorum,
972 2768 1049 2830 qui
1079 2768 1302 2816 universas
1333 2769 1446 2816 vires
1467 2785 1636 2830 semper
1665 2772 1753 2818 dis·

383 2833 554 2882 crimini
583 2833 793 2881 bellorum
824 2832 1087 2884 obtulerint:
1118 2832 1182 2881 Et
1209 2832 1388 2880 hercule
1407 2833 1645 2880 terribilem
1676 2849 1753 2883 an-

383 2904 458 2946 tea
477 2911 624 2959 regem
655 2903 701 2944 et
731 2897 928 2943 absentia
957 2912 1038 2945 sua
1066 2897 1124 2942 ad
1152 2912 1309 2943 vanam
1340 2896 1547 2950 fiduciam
1576 2897 1752 2955 elatum,

384 2966 667 3023 posteaquam
699 2960 937 3008 adventare
966 2976 1014 3008 se
1029 2960 1225 3020 senserit,
1248 2965 1425 3010 cautum
1454 2975 1536 3026 pro
1567 2967 1767 3026 temera-⁴
