2208 3408
0 431 88 467 ent.

7 500 89 530 nec

3 550 88 594 iani

0 620 90 658 nter

0 675 89 721 3001

4 746 90 785 eto.

2 818 92 849 um.

0 883 93 914 ene-

0 933 94 980 ‚imo

0 998 96 1043 dces

0 1062 95 1107 nites

0 1140 94 1179 aun,

0 1204 93 1243 isso,

0 1259 94 1307 irat,

0 1331 97 1375 ique

21 1396 95 1426 ex—

0 1445 98 1490 nitu

1 1523 21 1552 s
54 1515 98 1553 et

14 1650 99 1693 qua

11 1699 97 1744 ra-

9 1763 100 1807 Ae-

2 1845 7 1855 ·
16 1841 100 1884 que

10 1905 103 1934 rsas

14 1953 99 1998 'am

8 2017 95 2075 gio

5 2083 16 2121 ι’
21 2096 95 2126 um

30 2145 96 2189 id-

25 2209 99 2253 ina

23 2290 34 2313 ⁸
45 2287 101 2317 ue

34 2350 99 2389 ae,

37 2400 100 2446 oti

16 2479 62 2509 es
86 2480 97 2507 :

27 2528 101 2572 ina

11 2615 12 2628 ι
22 2592 101 2636 rbe

11 2675 18 2696 ι
28 2669 98 2700 ar·

25 2734 100 2765 cu·

28 2798 98 2829 ar-

19 2847 98 2892 mi-

25 2926 99 2956 oe-

53 2994 102 3025 se

915 292 1110 370 LIBER
1144 293 1463 349 QUARTUS.
1851 295 1910 343 65

543 429 644 470 ante
676 421 814 496 prima
845 422 971 480 signa
1002 420 1345 467 dimicaturum:
1381 421 1599 481 spondere
1631 436 1711 481 pro
1733 436 1780 468 se
1802 431 1909 481 quot

543 487 777 540 cicatrices,
809 486 993 532 totidem
1024 485 1216 543 corporis
1248 485 1439 531 deeora:
1472 485 1580 530 :cire
1612 485 1740 545 ipsos,
1775 500 1910 530 unum

542 566 678 610 paene
700 565 746 595 se
766 548 951 609 praedae
972 549 1211 594 communis
1234 555 1450 595 exsortem
1468 549 1512 593 in
1527 549 1611 594 illis
1628 549 1821 594 colendis
1842 564 1911 594 or-

545 614 786 670 nandisque
806 626 1015 670 usurpare
1036 611 1243 657 victoriae
1259 612 1450 670 praemia
1468 627 1478 657 ε
1513 612 1638 657 Haec
1661 628 1706 657 se
1726 613 1913 659 fortibus

543 677 643 722 viris
677 678 846 721 dicere:
884 674 1024 734 siqui
1048 674 1279 719 dissimiles
1312 689 1462 720 eorum
1484 682 1643 728 essent,
1674 676 1747 721 illa
1778 676 1914 722 fuisse

543 741 784 785 dicturum:
818 739 1064 797 pervenisse
1080 753 1145 790 00,
1168 738 1286 783 unde
1306 738 1457 796 sugere
1478 753 1566 783 non
1587 746 1777 798 possent.
1824 739 1912 785 Tot

543 812 753 849 terrarum
776 801 915 860 spatia
936 802 1132 855 emensis,
1157 808 1224 847 tot
1257 803 1456 846 amnibus
1478 803 1782 860 montibusque
1814 812 1911 862 post

541 875 713 924 tergum
736 865 931 924 objectis,
964 865 1049 910 iter
1071 865 1118 908 in
1150 865 1334 923 patriam
1365 871 1410 910 et
1442 872 1620 923 penates
1653 881 1781 910 manu
1815 881 1909 910 csse

541 928 802 974 faciendum.
868 928 939 973 sie
971 929 1118 983 duces,
1162 929 1222 973 sic
1265 929 1451 987 proximi
1494 929 1680 975 miiitum
1716 929 1913 975 instincti

543 999 657 1038 suut.

601 1056 701 1100 LV.
738 1055 932 1099 Darius'
921 1070 966 1099 m
988 1055 1114 1099 laevo
1135 1068 1271 1098 cornu
1293 1060 1418 1100 erat·
1410 1088 1420 1106 ‚
1454 1068 1612 1112 magno
1635 1070 1846 1102 suorum
1834 1072 1910 1115 ag-

541 1119 670 1175 mine,
689 1119 867 1164 delectis
889 1118 1085 1182 equitum
1105 1118 1388 1176 peditumque
1409 1117 1620 1190 stipatus:
1646 1126 1916 1178 contempse-

542 1188 696 1242 ratque
728 1182 990 1240 paucitatem
1033 1181 1199 1233 hostis;
1234 1195 1388 1225 vanam
1422 1181 1556 1225 aciem
1589 1197 1694 1235 esse,
1729 1185 1917 1229 extentis

542 1266 553 1288 ‹
555 1246 760 1299 omibus,
783 1252 921 1291 ratus.
977 1245 1198 1297 Ceterum,
1222 1244 1335 1289 sieut
1356 1258 1487 1289 curru
1509 1245 1738 1298 eminebat,
1763 1248 1904 1292 dextr·
1906 1264 1919 1291 ι

542 1311 750 1368 laevaque
782 1310 838 1354 ad
869 1308 1243 1354 circumstantium
1288 1308 1462 1366 agmina
1501 1309 1648 1353 oeulos
1681 1325 1920 1369 manusque

540 1372 867 1417 circumferens:
903 1377 914 1397 ⁴
938 1370 1201 1424 Terrarum‚’
1233 1372 1390 1430 inquit,
1415 1375 1551 1429 ‘quas
1584 1371 1786 1418 Oceanus
1819 1374 1923 1419 hinc

543 1436 680 1490 alluit,
696 1436 815 1480 illinc
832 1436 996 1481 claudit
1010 1435 1338 1494 Hellespontus,
1363 1435 1493 1494 paulo
1514 1441 1615 1481 ante
1637 1435 1814 1490 domini,
1827 1437 1919 1495 jam

547 1515 632 1543 non
653 1500 710 1544 de
733 1500 882 1556 gloria,
905 1499 984 1544 sed.
1005 1499 1062 1543 de
1084 1499 1237 1552 salute,
1262 1504 1321 1554 et,
1345 1498 1465 1557 quod
1487 1498 1616 1545 saluti
1637 1501 1916 1560 praeponitis,

544 1566 599 1608 ‹le
629 1563 833 1608 libertate
862 1562 1152 1622 pugnandum
1182 1570 1263 1607 cst.
1329 1561 1418 1606 Hic
1441 1561 1533 1606 dies
1563 1563 1806 1620 imperium,
1831 1579 1918 1623 quo

543 1626 661 1671 nulla
676 1626 860 1685 amplius
877 1626 987 1671 vidit
1006 1631 1139 1679 aeta3‚
1158 1632 1234 1671 aut
1255 1626 1508 1679 constituet,
1519 1632 1594 1671 aut
1611 1626 1749 1671 finiet.
1783 1627 1920 1686 Apud

547 1690 787 1734 Granicum
808 1689 986 1733 minima
1006 1689 1164 1733 virium
1196 1696 1323 1748 parte
1344 1704 1443 1733 cum
1466 1689 1590 1734 hoste
1622 1691 1883 1735 certavimus
1907 1708 1918 1736 ;

550 1754 594 1797 in
629 1753 781 1797 Ciheia
810 1754 948 1798 victos
973 1752 1100 1812 Syria
1129 1759 1303 1811 poterat
1335 1752 1559 1810 excipere:
1595 1768 1753 1810 magna
1775 1755 1918 1799 muni-

546 1823 693 1862 menta
710 1816 833 1874 regni
853 1816 998 1874 Tigris
1020 1826 1153 1874 atque
1171 1815 1417 1874 Euphrates
1439 1822 1578 1861 erant.
1645 1816 1836 1863 Ventum
1856 1825 1919 1863 est

546 1897 610 1934 00,
644 1880 765 1924 unde
786 1880 920 1938 pulsis
942 1895 996 1922 ne
1017 1880 1148 1937 fugae
1169 1879 1346 1937 quidem
1366 1880 1488 1923 locus
1505 1886 1582 1924 est.
1650 1879 1812 1925 Omnia
1832 1887 1920 1926 tam

543 1943 714 1988 diutino
747 1943 860 1987 bello
893 1943 1106 1987 exhausta
1137 1949 1236 2001 post
1267 1950 1443 1999 tergum
1477 1949 1611 1993 sunt3
1648 1957 1736 1986 non
1758 1945 1922 1998 incolas

548 2021 646 2051 suos
667 2007 796 2051 urbes
814 2023 823 2059 ;
850 2021 938 2051 000
955 2006 1144 2051 cultores
1160 2005 1322 2050 habent
1344 2012 1503 2050 terrae.
1569 2006 1791 2064 Conjuges
1814 2023 1921 2066 quo-

549 2085 632 2128 que
664 2077 709 2115 et
741 2070 865 2114 liberi
897 2075 1141 2128 sequuntur
1182 2069 1296 2113 hanc
1338 2070 1486 2122 aciem,
1533 2077 1684 2127 parata
1727 2071 1924 2116 hostibus

547 2133 722 2192 praeda,
756 2133 839 2177 nisi
860 2148 940 2192 pro
971 2132 1201 2177 carissimis
1232 2132 1491 2191 pignoribus
1523 2147 1706 2191 corpora
1737 2137 1921 2194 opponi·

550 2211 657 2241 mus.
726 2196 858 2249 Quod
900 2211 1093 2240 mearum
1134 2195 1219 2241 fuit
1260 2196 1465 2254 partium,
1511 2197 1763 2252 exercitum,
1796 2214 1925 2257 quem

552 2274 687 2318 paene
704 2259 913 2304 immensa
933 2259 1135 2318 planities
1155 2259 1228 2303 vix
1249 2264 1436 2317 caperet,
1461 2261 1706 2318 comparavi
1725 2276 1735 2305 ε
1771 2277 1920 2320 equos,

550 2338 667 2368 arma
690 2323 892 2368 distribui
911 2338 920 2367 :
945 2327 1224 2377 commeatus,
1248 2337 1305 2367 ne
1326 2327 1477 2367 tantae
1509 2323 1779 2369 multitudini
1802 2326 1925 2370 dees-

552 2394 661 2441 sent,
685 2387 882 2446 providi:
906 2386 1065 2440 locum,
1087 2386 1135 2430 in
1152 2401 1239 2444 quo
1256 2386 1368 2430 acies
1390 2386 1595 2445 explicari
1610 2394 1770 2446 posset,
1793 2389 1921 2447 elegi.

552 2450 710 2495 Cetera
741 2450 788 2494 in
819 2456 963 2495 vestra
993 2455 1210 2508 potestate
1232 2454 1336 2494 sunt
1359 2465 1368 2494 ε
1402 2450 1562 2494 audete
1584 2451 1718 2495 modo
1733 2451 1925 2507 vincere,

552 2514 808 2572 famamque,
843 2513 1184 2558 infirmissimum
1216 2513 1423 2558 adversus
1456 2513 1588 2558 fortes
1623 2515 1738 2559 viros
1774 2516 1926 2571 telum,

551 2577 831 2623 contemnite.
920 2576 1162 2622 Temeritas
1203 2583 1282 2632 est,
1317 2591 1448 2635 quam
1480 2576 1621 2622 adhuc
1654 2592 1734 2636 pro
1765 2580 1930 2626 virtute

553 2640 775 2695 timuistis),
798 2656 910 2700 quae
926 2641 1001 2686 ubi
1020 2640 1208 2701 primum
1230 2640 1443 2699 impetum
1465 2640 1631 2695 effudit,
1657 2641 1778 2688 velut
1795 2659 1927 2702 quae-

556 2703 657 2748 dam
689 2705 891 2750 animalia
916 2704 1072 2749 amisso
1093 2703 1257 2759 aculeo,
1281 2709 1441 2762 torpet.
1487 2703 1551 2748 Hi
1572 2719 1678 2750 vero
1700 2707 1839 2766 campi
1853 2707 1928 2752 de—

552 2767 821 2826 prehendere
841 2768 1119 2827 paucitatem,
1143 2782 1274 2826 quam
1299 2767 1478 2813 Ciliciae
1499 2773 1670 2813 montes
1692 2769 1930 2816 absconde-

554 2837 687 2878 rant:
723 2831 881 2878 videtis
913 2832 1089 2877 ordines
1135 2846 1269 2887 raros,
1315 2846 1480 2876 cornua
1511 2836 1703 2887 extenta,
1742 2834 1930 2879 mediam

553 2895 690 2941 aciem
721 2910 879 2941 vanam
910 2902 955 2942 et
987 2895 1243 2941 exhaustam
1266 2910 1278 2950 ;
1312 2910 1412 2941 nam
1450 2894 1606 2951 ultimi,
1631 2911 1739 2955 quos
1769 2897 1932 2944 locavit

555 2973 743 3018 aversos,
777 2965 901 3021 terga
927 2959 1018 3019 jam
1049 2959 1278 3022 praebent.
1344 2957 1502 3007 obteri
1533 2959 1779 3007 mehercule
1801 2976 1933 3020 equo-
