2192 3408
72 1922 80 2065 ἐ

71 2417 84 2471 '‘⁴—

348 281 375 323 4
686 280 915 337 Qum'rl
951 281 1175 330 CUR'I’H
1211 281 1365 330 RUFI
1372 315 1381 326 .

413 470 444 516 1.
481 471 624 516 laun
644 470 754 517 haec
773 470 1041 528 Alexander,
1065 471 1124 519 ad
1155 471 1490 520 conducendum
1523 485 1578 519 ex
1602 471 1728 519 Pelo·

344 548 541 596 ponneso
572 533 756 581 militem
786 533 1008 582 Cleandro
1037 550 1137 582 cum
1170 536 1356 593 pecunia
1385 536 1530 592 misso,
1566 535 1731 598 Lyciae

348 597 718 708 Pamphyliaeaue
759 598 891 645 rebus
932 598 1199 661 compositis,
1244 599 1302 646 ad
1332 599 1484 646 urbem
1519 598 1729 646 Celaenas

344 659 584 708 exercitum
673 661 822 710 movit.
889 661 1084 710 Mediam
1115 661 1192 710 illa
1224 668 1485 724 tempestate
1504 662 1727 710 interflue-

343 724 420 770 bat
441 723 562 771 Mars
594 739 641 771 as
662 724 816 782 amnis,
838 724 1048 773 fabulosis
1072 724 1343 773 Graecorum
1370 725 1639 773 carminibus
1660 727 1728 772 in-

342 788 502 848 clytus.
606 802 685 834 ons
707 787 814 850 ejus,
837 803 893 835 ex
921 803 1094 836 summo
1124 787 1288 836 montis
1317 789 1541 836 cacumine
1573 799 1729 837 excur-

341 865 455 906 rens,
494 853 542 897 in
584 850 825 912 subjectam
867 858 1038 914 petram
1081 866 1246 914 magno
1287 853 1473 914 strepitu
1516 867 1727 914 aquarum

341 913 488 970 cadit3
521 914 626 961 inde
646 915 846 971 diffusus,
868 915 1170 977 circumjectos
1191 915 1310 976 rigat
1330 929 1520 977 campos,
1534 916 1733 976 liquidus

340 983 387 1025 et
407 991 507 1026 suas
529 978 748 1026 duntaxat
768 979 911 1026 undas
931 980 1127 1027 trahens.
1193 979 1349 1040 Itaque
1379 978 1501 1025 color
1522 979 1616 1039 ejus
1638 980 1729 1041 pla-

339 1040 439 1087 cido
457 1042 569 1089 mari
590 1042 741 1089 similis
761 1042 906 1090 locum
921 1049 1152 1104 poetarum
1168 1042 1396 1090 mendacio
1411 1042 1542 1095 secitz
1566 1043 1729 1104 quippe

338 1099 553 1163 §nuditum
574 1111 642 1153 est
660 1106 891 1167 nymphas,
915 1121 1064 1154 amore
1080 1108 1219 1154 amnis.
1236 1111 1444 1162 retentas,
1461 1104 1510 1152 in
1526 1106 1602 1152 illa
1617 1120 1727 1167 rupe

338 1168 580 1216 considere.
644 1170 868 1226 Ceterum,
890 1171 1102 1231 quamdiu
1123 1171 1241 1219 intra
1261 1184 1408 1216 muros
1429 1169 1542 1225 fluit,
1567 1184 1728 1215 nomon

340 1247 466 1278 suum
510 1232 702 1289 retinet;
748 1241 794 1282 at
835 1248 972 1295 quum
1003 1239 1132 1282 extra
1161 1233 1436 1281 munimenta
1467 1249 1513 1280 se
1544 1233 1724 1288 evolvit,

337 1294 503 1356 majore
533 1296 578 1343 vi
609 1312 659 1343 ac
689 1299 805 1345 mole
836 1305 1041 1359 agentem
1075 1298 1232 1354 undas,
1267 1296 1440 1359 Lycum
1482 1296 1724 1358 appellant.

336 1360 594 1406 Alexander
623 1360 801 1421 quidem
833 1361 988 1408 urbem
1016 1361 1278 1410 destitutam
1299 1376 1326 1407 a
1345 1360 1435 1407 suis
1455 1360 1623 1413 intrat;
1657 1375 1731 1406 ar-

337 1437 430 1468 cem
452 1439 570 1479 vero,
595 1422 642 1470 in
662 1439 793 1485 quam
816 1424 1123 1485 confugerant,
1143 1438 1402 1488 oppugnare
1434 1422 1632 1479 adortus,
1654 1439 1724 1470 ca-

336 1487 617 1535 duceatorem
638 1489 863 1549 praemisit
893 1488 970 1550 qui
989 1489 1294 1544 denunciaret,
1327 1488 1373 1534 ni
1406 1487 1636 1542 dederent,
1660 1487 1727 1548 ip·

335 1564 407 1597 sos
428 1550 585 1598 ultima
605 1567 699 1599 esse
718 1567 938 1613 passuros.
1001 1552 1076 1599 Illi
1107 1553 1454 1607 caduceatorem,
1487 1551 1535 1596 in
1568 1551 1725 1597 turrim

336 1620 382 1660 et
404 1613 491 1661 situ
514 1621 560 1662 et
581 1630 712 1676 opere
731 1617 920 1664 multum
941 1616 1106 1664 editam
1128 1617 1403 1678 perductum,
1423 1620 1590 1675 quanta
1611 1620 1726 1661 esset

334 1676 528 1724 altitudo
569 1679 735 1726 intueri
768 1679 943 1741 jubent,
987 1695 1039 1727 ac
1082 1680 1292 1727 nunciare
1322 1678 1592 1734 Alexandr0,
1635 1692 1732 1723 non

335 1740 487 1788 eadem
509 1741 653 1804 ipsum
674 1748 721 1789 et
741 1745 907 1791 incolas
928 1744 1234 1792 aestimatione
1254 1742 1528 1789 munimenta
1547 1740 1698 1789 metiri
1711 1757 1731 1795 ·„

334 1820 381 1850 se
401 1805 512 1852 scire
532 1806 898 1869 inexpugnabiles
918 1822 1011 1854 esse
1029 1823 1041 1861 ;
1074 1807 1132 1854 ad
1153 1806 1371 1862 ultimum,
1389 1820 1474 1867 pro
1487 1805 1576 1852 fide
1592 1804 1726 1852 mori-

332 1875 469 1915 turos.
537 1869 760 1927 Ceterum,
782 1877 834 1919 ut
855 1871 1154 1918 circumsideri
1175 1884 1319 1917 arcem
1341 1874 1387 1916 et
1407 1869 1556 1915 omnia
1576 1868 1660 1915 sibi
1677 1868 1722 1914 in

332 1931 426 1978 dies
457 1933 656 1981 arctiora·
675 1934 885 1981 viderunt
916 1949 1024 1990 esse,
1059 1935 1291 1995 sexaginta
1321 1933 1492 1979 dierum
1522 1931 1731 1978 inducias·

331 1995 463 2054 pacti,
486 2001 552 2054 ut,
575 1998 659 2044 nisi
694 1997 815 2045 intra
845 2013 920 2044 eos
951 1998 1165 2044 auxilium
1198 1996 1364 2044 Darius
1394 1995 1488 2057 ipse
1518 1995 1723 2051 misisset,

333 2058 548 2106 dederent
569 2076 711 2107 arcem
729 2077 742 2116 3
774 2067 1006 2123 postquam
1028 2061 1141 2108 nihil
1160 2061 1267 2107 inde
1287 2059 1494 2121 praesidii
1515 2059 1721 2106 mitteba—

332 2130 420 2177 tur,
443 2123 500 2169 ad
521 2125 829 2185 praestitutam
849 2126 966 2171 diem
988 2125 1226 2187 permisere
1246 2138 1294 2170 se
1313 2122 1422 2184 regi.
1592 2126 1593 2129 ’

397 2185 456 2231 Π.
492 2187 821 2249 Superveniunt
841 2189 1003 2236 deinde
1030 2189 1168 2250 legati
1188 2186 1543 2241 Atheniensium,
1566 2190 1722 2246 peten-

334 2256 398 2295 tes
429 2259 481 2298 ut
511 2252 630 2313 eapti
661 2253 780 2313 apud
813 2253 1057 2299 Granicum
1090 2267 1260 2299 amnem
1292 2250 1587 2297 redderentur
1620 2249 1731 2295 sibi..

334 2313 414 2359 Ille
434 2328 526 2361 non
557 2315 637 2362 hos
667 2317 814 2372 modo,
848 2316 928 2363 sed
959 2317 1093 2364 etiam
1124 2322 1294 2363 eeteros
1316 2314 1524 2369 Graecos,
1547 2313 1731 2359 restitui.

332 2378 421 2422 suis
435 2377 661 2436 jussurum
681 2380 927 2441 respondit,
948 2381 1077 2428 finito
1095 2379 1275 2426 Persico
1294 2378 1428 2424 bello.
1495 2377 1725 2431 Ceterum,

331 2440 471 2487 Dario
513 2443 757 2500 imminens,
792 2459 922 2505 quem
953 2444 1154 2490 nondum
1187 2441 1463 2504 Euphratem
1495 2455 1730 2501 superasse·

332 2512 613 2563 cognoverat,
629 2507 827 2569 undique
839 2522 991 2554 omnes
1006 2507 1156 2569 copias
1176 2506 1411 2561 contrahit,
1426 2505 1534 2552 totis
1554 2504 1721 2549 viribus

332 2567 446 2614 tanti
458 2569 561 2615 belli
575 2570 804 2618 discrimen
818 2572 1033 2619 aditurus.
1085 2569 1280 2633 Phrygia
1295 2575 1388 2616 erat
1401 2583 1482 2629 per
1492 2583 1625 2629 quam
1638 2567 1727 2613 du—

274 2671 280 2675 .
333 2632 513 2679 uebatur
534 2634 765 2689 exercitus,
787 2635 986 2696 pluribus
1006 2634 1117 2681 vicis
1137 2649 1271 2696 quam
1291 2633 1477 2679 urbibus
1495 2634 1725 2691 frequens..

335 2694 462 2741 Tunc
474 2696 666 2745 habebat
680 2699 903 2758 quondam
919 2699 1113 2746 nobilem
1126 2698 1277 2745 Midae
1288 2697 1478 2758 regiam3
1498 2694 1719 2741 Gordium

333 2773 493 2805 nomen
525 2766 593 2809 est
623 2761 738 2816 urbi,
761 2777 892 2823 quam
918 2762 1158 2823 Sangarius
1189 2760 1330 2809 amnis
1359 2758 1590 2815 interfluit,
1624 2757 1725 2819 pari.

331 2823 565 2869 intervallo
596 2823 785 2872 Pontico
825 2831 872 2873 et
904 2825 1059 2873 Cilicio
1097 2826 1207 2873 m'ari
1245 2823 1528 2872 distantem!
1596 2821 1721 2869 Inter

332 2931 544 3023 1⁸btmsdcgntt'et
560 2932 618 2971 hic
632 2932 737 2978 locun
760 2934 942 2975 erroribus
966 2935 1229 2987 Geographicis
1255 2933 1384 2984 quibu·
1409 2932 1544 2983 passim
1572 2930 1724 2971 Curtius
